Date_Time,Symbol,Price,Volume,Exchange Code,Sales Condition
2014-03-03 08:36:37,ITT,43.9,3300,D,TB
2014-03-03 09:30:02,ITT,43.4,4173,N,O
2014-03-03 09:30:03,ITT,43.39,200,D,@
2014-03-03 09:30:05,ITT,43.4,55,D,4 I
2014-03-03 09:30:05,ITT,43.4,110,D,4
2014-03-03 09:30:05,ITT,43.4,87,D,4 I
2014-03-03 09:30:08,ITT,43.321000000000005,11,D,I
2014-03-03 09:30:08,ITT,43.33,100,N,F
2014-03-03 09:30:08,ITT,43.33,35,D,I
2014-03-03 09:30:09,ITT,43.32,73,B,F I
2014-03-03 09:30:09,ITT,43.33,65,N,F I
2014-03-03 09:30:09,ITT,43.32,8,N,F I
2014-03-03 09:30:10,ITT,43.32,45,N,I
2014-03-03 09:30:10,ITT,43.32,300,D,@
2014-03-03 09:30:11,ITT,43.32,75,D,I
2014-03-03 09:30:16,ITT,43.32,47,N,F I
2014-03-03 09:30:29,ITT,43.27,53,T,F I
2014-03-03 09:30:29,ITT,43.27,53,T,Q
2014-03-03 09:30:29,ITT,43.28,100,N,F
2014-03-03 09:30:35,ITT,43.3,50,K,I
2014-03-03 09:31:38,ITT,43.26,14,N,F I
2014-03-03 09:32:07,ITT,43.19,24,T,F I
2014-03-03 09:32:07,ITT,43.22,13,N,F I
2014-03-03 09:32:07,ITT,43.161,23,N,I
2014-03-03 09:32:07,ITT,43.161,49,D,I
2014-03-03 09:32:12,ITT,43.23,100,K,F
2014-03-03 09:32:12,ITT,43.23,100,K,@
2014-03-03 09:32:12,ITT,43.24,100,P,Q
2014-03-03 09:32:12,ITT,43.24,100,P,F
2014-03-03 09:32:12,ITT,43.24,1,T,F I
2014-03-03 09:32:12,ITT,43.23,11,B,I
2014-03-03 09:32:12,ITT,43.26,50,T,F I
2014-03-03 09:32:12,ITT,43.26,1,T,F I
2014-03-03 09:32:12,ITT,43.26,49,T,F I
2014-03-03 09:32:12,ITT,43.26,3,P,F I
2014-03-03 09:32:12,ITT,43.28,50,K,F I
2014-03-03 09:32:12,ITT,43.25,23,T,F I
2014-03-03 09:32:12,ITT,43.27,1,J,I
2014-03-03 09:32:12,ITT,43.27,5,B,I
2014-03-03 09:32:12,ITT,43.26,1,B,I
2014-03-03 09:32:12,ITT,43.28,3,B,I
2014-03-03 09:32:12,ITT,43.27,97,B,I
2014-03-03 09:32:12,ITT,43.28,3,Y,I
2014-03-03 09:32:13,ITT,43.25,53,K,F I
2014-03-03 09:32:14,ITT,43.23,100,Z,@
2014-03-03 09:32:14,ITT,43.23,100,N,@
2014-03-03 09:32:14,ITT,43.2,5,N,I
2014-03-03 09:32:14,ITT,43.2,50,K,F I
2014-03-03 09:32:16,ITT,43.19,100,B,F
2014-03-03 09:32:16,ITT,43.181000000000004,100,D,@
2014-03-03 09:32:16,ITT,43.18,100,D,@
2014-03-03 09:32:17,ITT,43.2,100,K,F
2014-03-03 09:32:17,ITT,43.2,13,K,F I
2014-03-03 09:32:17,ITT,43.2,87,K,F I
2014-03-03 09:32:17,ITT,43.18,197,D,@
2014-03-03 09:32:18,ITT,43.19,100,D,F
2014-03-03 09:32:18,ITT,43.19,100,D,F
2014-03-03 09:32:38,ITT,43.22,100,B,F
2014-03-03 09:32:38,ITT,43.21,13,P,F I
2014-03-03 09:32:38,ITT,43.21,100,Y,F
2014-03-03 09:32:38,ITT,43.23,100,P,@
2014-03-03 09:32:46,ITT,43.21,13,N,I
2014-03-03 09:32:46,ITT,43.21,100,K,@
2014-03-03 09:32:46,ITT,43.21,100,K,@
2014-03-03 09:32:58,ITT,43.21,1,K,F I
2014-03-03 09:33:07,ITT,43.14,272,D,@
2014-03-03 09:33:08,ITT,43.1301,500,D,@
2014-03-03 09:33:11,ITT,43.13,100,N,F
2014-03-03 09:33:13,ITT,43.0701,140,D,@
2014-03-03 09:33:19,ITT,43.1,186,Z,@
2014-03-03 09:33:19,ITT,43.1,100,Z,F
2014-03-03 09:33:19,ITT,43.1,14,Z,F I
2014-03-03 09:33:19,ITT,43.09,100,N,F
2014-03-03 09:33:19,ITT,43.11,100,D,@
2014-03-03 09:33:19,ITT,43.11,100,T,@
2014-03-03 09:33:23,ITT,43.0501,100,D,@
2014-03-03 09:33:23,ITT,43.05,100,D,F
2014-03-03 09:33:25,ITT,43.044,100,D,@
2014-03-03 09:33:31,ITT,43.08,39,T,F I
2014-03-03 09:33:31,ITT,43.08,61,T,I
2014-03-03 09:33:31,ITT,43.08,75,Z,F I
2014-03-03 09:33:31,ITT,43.09,39,T,I
2014-03-03 09:33:31,ITT,43.08,25,Z,I
2014-03-03 09:33:31,ITT,43.09,50,Z,I
2014-03-03 09:33:34,ITT,43.09,25,Z,I
2014-03-03 09:33:34,ITT,43.12,25,N,I
2014-03-03 09:33:34,ITT,43.12,75,N,I
2014-03-03 09:33:34,ITT,43.13,75,K,F I
2014-03-03 09:33:34,ITT,43.14,50,P,F I
2014-03-03 09:33:35,ITT,43.13,25,K,I
2014-03-03 09:33:35,ITT,43.111999999999995,100,D,F
2014-03-03 09:33:56,ITT,43.16,100,D,@
2014-03-03 09:33:57,ITT,43.19,100,B,@
2014-03-03 09:33:57,ITT,43.19,50,J,I
2014-03-03 09:33:57,ITT,43.2,100,D,@
2014-03-03 09:33:58,ITT,43.2,100,K,@
2014-03-03 09:33:58,ITT,43.2,100,K,@
2014-03-03 09:34:18,ITT,43.2,100,K,@
2014-03-03 09:34:18,ITT,43.21,50,N,F I
2014-03-03 09:34:18,ITT,43.2,56,K,F I
2014-03-03 09:34:18,ITT,43.21,50,N,I
2014-03-03 09:34:18,ITT,43.21,19,Z,I
2014-03-03 09:34:18,ITT,43.26,100,N,@
2014-03-03 09:34:32,ITT,43.21,100,D,@
2014-03-03 09:34:32,ITT,43.21,100,D,@
2014-03-03 09:34:32,ITT,43.21,100,D,@
2014-03-03 09:34:33,ITT,43.202,100,D,F
2014-03-03 09:34:35,ITT,43.26,3,J,I
2014-03-03 09:34:35,ITT,43.3,100,J,@
2014-03-03 09:34:35,ITT,43.31,147,J,@
2014-03-03 09:34:35,ITT,43.28,2,N,F I
2014-03-03 09:35:00,ITT,43.26,100,P,@
2014-03-03 09:35:02,ITT,43.23,100,T,F
2014-03-03 09:35:02,ITT,43.24,75,T,I
2014-03-03 09:35:02,ITT,43.23,100,N,F
2014-03-03 09:35:27,ITT,43.24,100,N,@
2014-03-03 09:35:27,ITT,43.24,25,T,F I
2014-03-03 09:35:27,ITT,43.25,100,T,F
2014-03-03 09:35:27,ITT,43.25,56,T,F I
2014-03-03 09:35:27,ITT,43.25,73,P,F I
2014-03-03 09:35:27,ITT,43.25,27,P,F I
2014-03-03 09:35:27,ITT,43.25,44,Z,F I
2014-03-03 09:35:27,ITT,43.25,56,Z,F I
2014-03-03 09:35:27,ITT,43.25,100,K,F
2014-03-03 09:35:27,ITT,43.25,100,N,F
2014-03-03 09:35:27,ITT,43.25,100,N,@
2014-03-03 09:35:27,ITT,43.22,100,D,@
2014-03-03 09:35:27,ITT,43.25,100,Z,@
2014-03-03 09:35:27,ITT,43.25,98,P,F I
2014-03-03 09:35:27,ITT,43.25,2,P,I
2014-03-03 09:35:27,ITT,43.25,200,N,@
2014-03-03 09:35:27,ITT,43.26,100,T,@
2014-03-03 09:35:27,ITT,43.25,12,T,I
2014-03-03 09:35:27,ITT,43.25,100,N,@
2014-03-03 09:35:29,ITT,43.202,100,D,F
2014-03-03 09:35:30,ITT,43.2,100,D,F
2014-03-03 09:35:36,ITT,43.25,50,B,F I
2014-03-03 09:35:36,ITT,43.26,50,B,F I
2014-03-03 09:35:36,ITT,43.26,100,D,F
2014-03-03 09:35:36,ITT,43.26,200,D,F
2014-03-03 09:35:36,ITT,43.26,2,P,F I
2014-03-03 09:35:36,ITT,43.27,100,P,F
2014-03-03 09:35:36,ITT,43.25,100,K,F
2014-03-03 09:35:36,ITT,43.29,48,N,F I
2014-03-03 09:35:42,ITT,43.27,200,D,F
2014-03-03 09:35:42,ITT,43.26,100,Z,@
2014-03-03 09:35:42,ITT,43.3,100,N,F
2014-03-03 09:35:42,ITT,43.32,100,N,F
2014-03-03 09:35:42,ITT,43.27,100,D,F
2014-03-03 09:35:45,ITT,43.32,1,D,I
2014-03-03 09:35:50,ITT,43.4,4232,D,4 B
2014-03-03 09:35:50,ITT,43.3,99,P,F I
2014-03-03 09:35:50,ITT,43.41,1,P,F I
2014-03-03 09:35:50,ITT,43.3,99,N,F I
2014-03-03 09:35:50,ITT,43.31,1,N,F I
2014-03-03 09:35:50,ITT,43.31,99,N,F I
2014-03-03 09:35:50,ITT,43.33,100,N,F
2014-03-03 09:35:50,ITT,43.31,100,D,F
2014-03-03 09:36:28,ITT,43.375,100,D,@
2014-03-03 09:36:29,ITT,43.335,100,D,@
2014-03-03 09:37:26,ITT,43.3107,229,D,@
2014-03-03 09:37:28,ITT,43.31,99,N,F I
2014-03-03 09:37:28,ITT,43.3,1,N,F I
2014-03-03 09:37:28,ITT,43.3,99,N,F I
2014-03-03 09:37:28,ITT,43.28,100,D,@
2014-03-03 09:37:54,ITT,43.365,100,D,@
2014-03-03 09:38:09,ITT,43.37,100,N,@
2014-03-03 09:38:09,ITT,43.37,3,P,F I
2014-03-03 09:38:09,ITT,43.37,100,N,F
2014-03-03 09:38:09,ITT,43.37,100,D,@
2014-03-03 09:38:09,ITT,43.37,100,N,F
2014-03-03 09:38:09,ITT,43.38,100,T,F
2014-03-03 09:38:30,ITT,43.332,100,D,F
2014-03-03 09:39:02,ITT,43.38,100,T,F
2014-03-03 09:39:02,ITT,43.39,100,N,@
2014-03-03 09:39:02,ITT,43.4,69,P,F I
2014-03-03 09:39:02,ITT,43.4,200,K,F
2014-03-03 09:39:02,ITT,43.4,231,P,F
2014-03-03 09:39:02,ITT,43.4,100,K,F
2014-03-03 09:39:02,ITT,43.4,100,K,F
2014-03-03 09:39:02,ITT,43.4,100,K,F
2014-03-03 09:39:02,ITT,43.4,169,N,F
2014-03-03 09:39:02,ITT,43.4,6,P,F I
2014-03-03 09:39:02,ITT,43.4,94,P,I
2014-03-03 09:39:02,ITT,43.39,2,P,F I
2014-03-03 09:39:02,ITT,43.4,31,N,I
2014-03-03 09:39:02,ITT,43.4,100,N,F
2014-03-03 09:39:02,ITT,43.4,100,K,@
2014-03-03 09:39:02,ITT,43.4,100,K,@
2014-03-03 09:39:02,ITT,43.4,269,N,@
2014-03-03 09:39:02,ITT,43.4,100,P,F
2014-03-03 09:39:02,ITT,43.38,100,N,@
2014-03-03 09:39:02,ITT,43.39,98,P,I
2014-03-03 09:39:03,ITT,43.33,100,D,F
2014-03-03 09:39:03,ITT,43.33,100,D,F
2014-03-03 09:39:03,ITT,43.34,3,N,I
2014-03-03 09:39:03,ITT,43.33,297,N,@
2014-03-03 09:39:35,ITT,43.385,100,D,@
2014-03-03 09:39:36,ITT,43.38,100,T,@
2014-03-03 09:39:36,ITT,43.39,100,N,@
2014-03-03 09:39:40,ITT,43.35,100,D,F
2014-03-03 09:39:40,ITT,43.39,100,N,F
2014-03-03 09:39:40,ITT,43.398,100,D,F
2014-03-03 09:39:53,ITT,43.38,100,K,@
2014-03-03 09:39:53,ITT,43.38,100,N,@
2014-03-03 09:39:53,ITT,43.38,100,K,@
2014-03-03 09:39:53,ITT,43.38,100,K,F
2014-03-03 09:39:53,ITT,43.37,100,N,@
2014-03-03 09:39:53,ITT,43.38,2,N,F I
2014-03-03 09:39:53,ITT,43.38,98,N,I
2014-03-03 09:39:53,ITT,43.36,100,D,@
2014-03-03 09:39:53,ITT,43.36,100,N,@
2014-03-03 09:39:53,ITT,43.37,100,T,@
2014-03-03 09:39:53,ITT,43.38,100,K,F
2014-03-03 09:39:54,ITT,43.36,100,N,F
2014-03-03 09:39:54,ITT,43.37,100,N,@
2014-03-03 09:39:54,ITT,43.37,100,T,@
2014-03-03 09:39:54,ITT,43.37,100,D,@
2014-03-03 09:39:54,ITT,43.37,100,T,@
2014-03-03 09:39:58,ITT,43.4,100,P,F
2014-03-03 09:39:58,ITT,43.4,3,T,F I
2014-03-03 09:39:58,ITT,43.38,100,K,F
2014-03-03 09:39:58,ITT,43.38,100,N,F
2014-03-03 09:39:58,ITT,43.38,100,K,F
2014-03-03 09:39:59,ITT,43.36,100,D,F
2014-03-03 09:39:59,ITT,43.36,100,D,F
2014-03-03 09:40:06,ITT,43.38,2,K,F I
2014-03-03 09:40:06,ITT,43.39,100,N,F
2014-03-03 09:40:06,ITT,43.39,98,K,F I
2014-03-03 09:40:15,ITT,43.4,3,P,F I
2014-03-03 09:40:15,ITT,43.4,100,N,F
2014-03-03 09:40:15,ITT,43.4,97,T,F I
2014-03-03 09:40:15,ITT,43.4,100,T,F
2014-03-03 09:40:15,ITT,43.4,100,D,F
2014-03-03 09:40:15,ITT,43.37,100,D,@
2014-03-03 09:40:15,ITT,43.37,100,T,@
2014-03-03 09:40:15,ITT,43.352,150,D,@
2014-03-03 09:40:17,ITT,43.34,100,D,F
2014-03-03 09:40:18,ITT,43.36,2,N,F I
2014-03-03 09:40:33,ITT,43.35,100,N,F
2014-03-03 09:40:33,ITT,43.35,100,N,@
2014-03-03 09:40:33,ITT,43.35,100,N,F
2014-03-03 09:40:33,ITT,43.35,100,N,F
2014-03-03 09:40:33,ITT,43.35,98,K,F I
2014-03-03 09:40:33,ITT,43.35,102,K,F
2014-03-03 09:40:33,ITT,43.35,100,N,F
2014-03-03 09:40:33,ITT,43.35,100,N,F
2014-03-03 09:40:33,ITT,43.35,200,N,@
2014-03-03 09:40:35,ITT,43.34,100,N,F
2014-03-03 09:40:35,ITT,43.34,100,P,@
2014-03-03 09:40:35,ITT,43.34,100,T,@
2014-03-03 09:40:35,ITT,43.34,100,T,@
2014-03-03 09:40:35,ITT,43.33,100,N,F
2014-03-03 09:40:35,ITT,43.33,100,N,F
2014-03-03 09:40:35,ITT,43.33,200,N,F
2014-03-03 09:40:35,ITT,43.33,200,N,F
2014-03-03 09:40:35,ITT,43.33,300,N,@
2014-03-03 09:40:35,ITT,43.33,4700,N,@
2014-03-03 09:40:35,ITT,43.31,100,T,F
2014-03-03 09:40:35,ITT,43.31,100,K,F
2014-03-03 09:40:36,ITT,43.26,100,T,F
2014-03-03 09:40:36,ITT,43.26,100,D,@
2014-03-03 09:40:36,ITT,43.25,63,D,I
2014-03-03 09:40:36,ITT,43.26,100,D,@
2014-03-03 09:40:36,ITT,43.25,100,D,@
2014-03-03 09:40:36,ITT,43.25,100,D,@
2014-03-03 09:40:36,ITT,43.25,200,D,@
2014-03-03 09:40:36,ITT,43.25,100,D,@
2014-03-03 09:40:36,ITT,43.25,100,D,@
2014-03-03 09:40:37,ITT,43.25,100,T,@
2014-03-03 09:40:37,ITT,43.25,50,T,I
2014-03-03 09:40:54,ITT,43.24,100,T,@
2014-03-03 09:40:54,ITT,43.24,110,P,@
2014-03-03 09:40:54,ITT,43.24,110,N,@
2014-03-03 09:40:54,ITT,43.24,190,N,F
2014-03-03 09:40:54,ITT,43.19,100,N,@
2014-03-03 09:41:01,ITT,43.24,3,D,I
2014-03-03 09:41:03,ITT,43.19,1,N,I
2014-03-03 09:41:03,ITT,43.19,99,N,I
2014-03-03 09:41:03,ITT,43.19,3,Z,I
2014-03-03 09:41:11,ITT,43.22,100,P,F
2014-03-03 09:41:11,ITT,43.24,2,P,F I
2014-03-03 09:41:11,ITT,43.22,100,P,@
2014-03-03 09:41:11,ITT,43.22,100,N,F
2014-03-03 09:41:11,ITT,43.23,100,N,F
2014-03-03 09:41:11,ITT,43.24,98,P,F I
2014-03-03 09:41:11,ITT,43.24,2,P,F I
2014-03-03 09:41:11,ITT,43.23,100,D,@
2014-03-03 09:41:16,ITT,43.21,100,D,@
2014-03-03 09:41:16,ITT,43.22,100,B,@
2014-03-03 09:41:16,ITT,43.22,100,K,F
2014-03-03 09:41:16,ITT,43.22,100,K,F
2014-03-03 09:41:16,ITT,43.22,100,N,@
2014-03-03 09:41:37,ITT,43.21,100,T,F
2014-03-03 09:41:37,ITT,43.21,100,T,F
2014-03-03 09:41:46,ITT,43.22,100,K,F
2014-03-03 09:41:46,ITT,43.22,100,K,@
2014-03-03 09:41:46,ITT,43.22,100,T,@
2014-03-03 09:41:46,ITT,43.22,100,D,@
2014-03-03 09:41:46,ITT,43.22,100,D,@
2014-03-03 09:41:46,ITT,43.22,200,D,@
2014-03-03 09:41:46,ITT,43.31,100,N,@
2014-03-03 09:41:46,ITT,43.22,100,D,@
2014-03-03 09:42:24,ITT,43.21,100,N,F
2014-03-03 09:42:30,ITT,43.24,45,D,I
2014-03-03 09:42:41,ITT,43.23,100,K,@
2014-03-03 09:42:41,ITT,43.24,100,K,F
2014-03-03 09:42:41,ITT,43.24,100,T,F
2014-03-03 09:42:41,ITT,43.24,2,J,I
2014-03-03 09:42:41,ITT,43.24,93,J,I
2014-03-03 09:42:41,ITT,43.24,100,T,@
2014-03-03 09:42:41,ITT,43.21,100,D,@
2014-03-03 09:42:41,ITT,43.27,100,N,@
2014-03-03 09:42:53,ITT,43.24,500,P,@
2014-03-03 09:43:05,ITT,43.24,100,K,@
2014-03-03 09:43:05,ITT,43.24,200,N,@
2014-03-03 09:43:17,ITT,43.29,100,P,F
2014-03-03 09:43:17,ITT,43.29,2,P,F I
2014-03-03 09:43:17,ITT,43.29,98,K,F I
2014-03-03 09:43:17,ITT,43.29,2,K,F I
2014-03-03 09:43:17,ITT,43.29,100,N,F
2014-03-03 09:43:18,ITT,43.33,100,T,@
2014-03-03 09:43:18,ITT,43.33,98,P,F I
2014-03-03 09:43:18,ITT,43.33,100,K,@
2014-03-03 09:43:18,ITT,43.33,2,P,F I
2014-03-03 09:43:18,ITT,43.34,100,T,F
2014-03-03 09:43:25,ITT,43.355,100,D,@
2014-03-03 09:43:25,ITT,43.3,100,D,@
2014-03-03 09:43:55,ITT,43.26,100,T,F
2014-03-03 09:43:55,ITT,43.24,100,T,F
2014-03-03 09:43:55,ITT,43.23,100,T,F
2014-03-03 09:43:55,ITT,43.26,100,N,@
2014-03-03 09:43:55,ITT,43.26,100,T,F
2014-03-03 09:43:55,ITT,43.25,100,T,F
2014-03-03 09:44:30,ITT,43.25,100,X,F
2014-03-03 09:44:30,ITT,43.25,100,P,F
2014-03-03 09:44:30,ITT,43.25,94,K,F I
2014-03-03 09:44:30,ITT,43.25,2,P,F I
2014-03-03 09:44:30,ITT,43.25,6,K,F I
2014-03-03 09:44:31,ITT,43.27,100,B,F
2014-03-03 09:44:32,ITT,43.37,100,J,@
2014-03-03 09:44:32,ITT,43.37,47,D,I
2014-03-03 09:44:32,ITT,43.38,103,D,@
2014-03-03 09:44:33,ITT,43.35,8,N,F I
2014-03-03 09:44:33,ITT,43.34,100,N,F
2014-03-03 09:44:33,ITT,43.33,100,N,F
2014-03-03 09:44:36,ITT,43.37,100,B,@
2014-03-03 09:44:36,ITT,43.38,50,B,I
2014-03-03 09:44:36,ITT,43.38,100,D,@
2014-03-03 09:44:36,ITT,43.4,37,P,F I
2014-03-03 09:44:36,ITT,43.37,63,T,F I
2014-03-03 09:44:38,ITT,43.31,100,D,@
2014-03-03 09:44:38,ITT,43.2801,200,D,@
2014-03-03 09:45:03,ITT,43.33,3,K,F I
2014-03-03 09:45:08,ITT,43.2625,31,D,I
2014-03-03 09:45:15,ITT,43.375,14,D,I
2014-03-03 09:45:29,ITT,43.33,97,K,I
2014-03-03 09:45:29,ITT,43.31,100,N,@
2014-03-03 09:45:29,ITT,43.31,200,K,@
2014-03-03 09:45:29,ITT,43.31,17,N,I
2014-03-03 09:45:29,ITT,43.31,100,N,@
2014-03-03 09:45:29,ITT,43.32,100,T,@
2014-03-03 09:45:30,ITT,43.32,100,K,@
2014-03-03 09:45:37,ITT,43.31,100,N,F
2014-03-03 09:45:42,ITT,43.33,16,N,I
2014-03-03 09:45:54,ITT,43.31,100,K,@
2014-03-03 09:45:54,ITT,43.31,100,P,F
2014-03-03 09:45:54,ITT,43.31,100,N,@
2014-03-03 09:45:54,ITT,43.31,20,N,F I
2014-03-03 09:45:54,ITT,43.31,200,K,@
2014-03-03 09:45:54,ITT,43.31,100,K,@
2014-03-03 09:45:54,ITT,43.31,100,K,@
2014-03-03 09:45:54,ITT,43.31,100,P,F
2014-03-03 09:45:54,ITT,43.31,100,D,@
2014-03-03 09:46:15,ITT,43.29,100,N,F
2014-03-03 09:46:15,ITT,43.29,100,T,@
2014-03-03 09:46:17,ITT,43.24,100,N,F
2014-03-03 09:46:43,ITT,43.2169,200,D,@
2014-03-03 09:46:56,ITT,43.23,100,N,F
2014-03-03 09:47:02,ITT,43.205,56,D,I
2014-03-03 09:47:10,ITT,43.23,100,P,@
2014-03-03 09:47:10,ITT,43.23,100,T,F
2014-03-03 09:47:10,ITT,43.23,4,P,F I
2014-03-03 09:47:26,ITT,43.24,6,P,I
2014-03-03 09:47:33,ITT,43.23,94,K,I
2014-03-03 09:47:35,ITT,43.23,98,K,F I
2014-03-03 09:47:35,ITT,43.23,2,K,F I
2014-03-03 09:47:35,ITT,43.23,100,K,F
2014-03-03 09:47:35,ITT,43.23,4,K,F I
2014-03-03 09:47:35,ITT,43.23,96,K,F I
2014-03-03 09:47:36,ITT,43.23,6,K,I
2014-03-03 09:47:40,ITT,43.19,3,D,I
2014-03-03 09:48:14,ITT,43.25,100,P,F
2014-03-03 09:48:14,ITT,43.25,2,P,F I
2014-03-03 09:48:14,ITT,43.27,6,P,I
2014-03-03 09:48:14,ITT,43.27,94,P,F I
2014-03-03 09:48:14,ITT,43.3,100,N,@
2014-03-03 09:48:14,ITT,43.28,100,T,F
2014-03-03 09:48:40,ITT,43.31,3,D,I
2014-03-03 09:49:07,ITT,43.218,100,D,@
2014-03-03 09:49:08,ITT,43.22,100,N,F
2014-03-03 09:49:13,ITT,43.21,100,N,@
2014-03-03 09:49:15,ITT,43.2299,75,D,I
2014-03-03 09:49:28,ITT,43.23,2,P,F I
2014-03-03 09:50:21,ITT,43.17,100,N,F
2014-03-03 09:50:22,ITT,43.17,98,N,F I
2014-03-03 09:50:23,ITT,43.18,100,P,F
2014-03-03 09:50:23,ITT,43.18,2,N,F I
2014-03-03 09:50:23,ITT,43.18,98,N,F I
2014-03-03 09:50:23,ITT,43.18,110,N,F
2014-03-03 09:50:23,ITT,43.18,90,N,I
2014-03-03 09:50:23,ITT,43.18,100,T,@
2014-03-03 09:50:24,ITT,43.18,100,T,F
2014-03-03 09:50:25,ITT,43.17,100,N,F
2014-03-03 09:50:39,ITT,43.18,100,K,F
2014-03-03 09:50:39,ITT,43.18,100,K,F
2014-03-03 09:50:39,ITT,43.18,100,K,F
2014-03-03 09:50:39,ITT,43.18,100,D,@
2014-03-03 09:50:39,ITT,43.17,100,T,F
2014-03-03 09:50:39,ITT,43.17,83,T,I
2014-03-03 09:50:39,ITT,43.17,75,P,I
2014-03-03 09:50:39,ITT,43.17,71,P,I
2014-03-03 09:50:39,ITT,43.17,100,K,@
2014-03-03 09:50:39,ITT,43.17,67,K,I
2014-03-03 09:50:39,ITT,43.18,100,K,F
2014-03-03 09:50:41,ITT,43.16,100,N,F
2014-03-03 09:51:21,ITT,43.16,100,T,@
2014-03-03 09:51:21,ITT,43.17,100,K,F
2014-03-03 09:51:21,ITT,43.17,200,Y,F
2014-03-03 09:51:21,ITT,43.17,100,Y,F
2014-03-03 09:51:21,ITT,43.17,100,Y,F
2014-03-03 09:51:21,ITT,43.17,200,Y,@
2014-03-03 09:51:21,ITT,43.17,100,D,@
2014-03-03 09:51:23,ITT,43.16,100,T,F
2014-03-03 09:51:24,ITT,43.13,100,B,F
2014-03-03 09:51:25,ITT,43.13,100,B,F
2014-03-03 09:51:47,ITT,43.14,200,N,F
2014-03-03 09:51:47,ITT,43.12,100,N,@
2014-03-03 09:51:51,ITT,43.14,100,D,@
2014-03-03 09:51:51,ITT,43.14,100,D,@
2014-03-03 09:51:51,ITT,43.14,91,Z,I
2014-03-03 09:51:51,ITT,43.14,109,Z,F
2014-03-03 09:51:51,ITT,43.14,5,P,F I
2014-03-03 09:51:51,ITT,43.14,86,K,F I
2014-03-03 09:51:51,ITT,43.14,14,K,F I
2014-03-03 09:51:51,ITT,43.14,100,P,F
2014-03-03 09:51:51,ITT,43.14,100,T,@
2014-03-03 09:51:51,ITT,43.12,100,B,F
2014-03-03 09:52:03,ITT,43.16,100,D,@
2014-03-03 09:52:11,ITT,43.15,100,J,F
2014-03-03 09:52:11,ITT,43.15,100,K,F
2014-03-03 09:52:11,ITT,43.15,29,K,F I
2014-03-03 09:52:13,ITT,43.13,100,D,@
2014-03-03 09:52:20,ITT,43.144,100,D,@
2014-03-03 09:52:35,ITT,43.2,100,D,@
2014-03-03 09:52:35,ITT,43.1401,100,D,@
2014-03-03 09:52:49,ITT,43.2,2,B,I
2014-03-03 09:52:49,ITT,43.2,98,B,I
2014-03-03 09:53:00,ITT,43.14,98,B,I
2014-03-03 09:53:00,ITT,43.13,1,B,I
2014-03-03 09:53:40,ITT,43.13,100,Y,F
2014-03-03 09:54:23,ITT,43.14,100,K,@
2014-03-03 09:54:23,ITT,43.15,100,K,F
2014-03-03 09:54:23,ITT,43.15,100,T,F
2014-03-03 09:54:23,ITT,43.15,100,K,F
2014-03-03 09:54:23,ITT,43.15,100,T,@
2014-03-03 09:54:28,ITT,43.15,100,T,F
2014-03-03 09:54:28,ITT,43.15,57,K,F I
2014-03-03 09:54:28,ITT,43.15,100,K,F
2014-03-03 09:54:28,ITT,43.15,100,T,F
2014-03-03 09:54:28,ITT,43.15,3,T,F I
2014-03-03 09:54:28,ITT,43.15,43,T,F I
2014-03-03 09:54:28,ITT,43.15,100,K,F
2014-03-03 09:54:45,ITT,43.15,100,K,F
2014-03-03 09:55:12,ITT,43.15,100,T,@
2014-03-03 09:55:12,ITT,43.15,100,K,@
2014-03-03 09:55:12,ITT,43.15,100,K,F
2014-03-03 09:55:12,ITT,43.15,100,T,F
2014-03-03 09:55:22,ITT,43.17,200,N,F
2014-03-03 09:55:22,ITT,43.17,100,N,F
2014-03-03 09:55:22,ITT,43.16,100,P,F
2014-03-03 09:55:22,ITT,43.16,100,N,F
2014-03-03 09:55:37,ITT,43.14,83,T,F I
2014-03-03 09:55:37,ITT,43.13,17,T,F I
2014-03-03 09:55:37,ITT,43.13,83,T,F I
2014-03-03 09:55:37,ITT,43.12,200,N,F
2014-03-03 09:55:41,ITT,43.14,100,D,@
2014-03-03 09:56:08,ITT,43.16,100,P,F
2014-03-03 09:56:08,ITT,43.16,3,P,F I
2014-03-03 09:56:08,ITT,43.18,100,P,F
2014-03-03 09:56:53,ITT,43.18,100,T,F
2014-03-03 09:57:09,ITT,43.14,50,D,I
2014-03-03 09:57:38,ITT,43.14,100,D,@
2014-03-03 09:57:38,ITT,43.14,200,D,@
2014-03-03 09:57:49,ITT,43.1401,28,D,I
2014-03-03 09:58:19,ITT,43.14,100,T,F
2014-03-03 09:58:19,ITT,43.13,17,K,F I
2014-03-03 09:58:19,ITT,43.13,83,K,F I
2014-03-03 09:58:19,ITT,43.14,100,N,@
2014-03-03 09:58:19,ITT,43.15,100,D,@
2014-03-03 09:58:21,ITT,43.12,20,B,F I
2014-03-03 09:58:22,ITT,43.12,100,Y,F
2014-03-03 09:58:22,ITT,43.12,100,B,F
2014-03-03 09:58:24,ITT,43.12,100,B,@
2014-03-03 09:58:24,ITT,43.12,100,B,@
2014-03-03 09:58:24,ITT,43.12,100,T,F
2014-03-03 09:58:24,ITT,43.12,100,N,@
2014-03-03 09:58:24,ITT,43.12,200,N,F
2014-03-03 09:58:24,ITT,43.12,100,N,@
2014-03-03 09:58:24,ITT,43.12,100,N,F
2014-03-03 09:58:24,ITT,43.12,47,T,I
2014-03-03 09:58:24,ITT,43.12,53,T,F I
2014-03-03 09:58:24,ITT,43.12,100,T,F
2014-03-03 09:58:24,ITT,43.12,100,T,F
2014-03-03 09:58:24,ITT,43.12,500,N,@
2014-03-03 09:58:24,ITT,43.12,5300,N,@
2014-03-03 09:58:24,ITT,43.12,100,T,@
2014-03-03 09:58:25,ITT,43.12,1104,D,@
2014-03-03 09:58:28,ITT,43.09,100,T,F
2014-03-03 09:59:17,ITT,43.1,200,B,F
2014-03-03 09:59:17,ITT,43.1,6,P,F I
2014-03-03 09:59:17,ITT,43.07,100,Z,F
2014-03-03 09:59:17,ITT,43.1,100,Z,F
2014-03-03 09:59:17,ITT,43.11,100,K,F
2014-03-03 09:59:17,ITT,43.1,100,N,F
2014-03-03 09:59:17,ITT,43.07,20,C,I
2014-03-03 09:59:17,ITT,43.1,200,Y,@
2014-03-03 09:59:17,ITT,43.1,5,Y,F I
2014-03-03 09:59:17,ITT,43.1,100,N,@
2014-03-03 09:59:22,ITT,43.1,100,D,@
2014-03-03 09:59:54,ITT,43.1,100,N,@
2014-03-03 10:00:01,ITT,43.14,4,N,F I
2014-03-03 10:00:01,ITT,43.1399,211,D,@
2014-03-03 10:00:01,ITT,43.1399,200,D,@
2014-03-03 10:00:01,ITT,43.14,196,N,F
2014-03-03 10:00:11,ITT,43.15,100,N,F
2014-03-03 10:00:11,ITT,43.16,2,P,F I
2014-03-03 10:00:11,ITT,43.18,100,Z,F
2014-03-03 10:00:11,ITT,43.21,100,K,F
2014-03-03 10:00:12,ITT,43.2,100,N,F
2014-03-03 10:00:30,ITT,43.21,36,P,F I
2014-03-03 10:00:30,ITT,43.22,59,P,F I
2014-03-03 10:00:30,ITT,43.22,41,P,F I
2014-03-03 10:00:43,ITT,43.21,100,N,F
2014-03-03 10:00:49,ITT,43.23,100,N,F
2014-03-03 10:00:49,ITT,43.23,100,T,F
2014-03-03 10:00:50,ITT,43.29,100,D,@
2014-03-03 10:00:50,ITT,43.29,100,D,@
2014-03-03 10:00:50,ITT,43.28,100,D,@
2014-03-03 10:00:51,ITT,43.28,300,D,@
2014-03-03 10:00:51,ITT,43.28,100,D,F
2014-03-03 10:01:26,ITT,43.26,100,N,F
2014-03-03 10:01:26,ITT,43.26,100,T,F
2014-03-03 10:01:26,ITT,43.26,100,T,F
2014-03-03 10:01:26,ITT,43.27,2,P,I
2014-03-03 10:01:26,ITT,43.27,71,P,I
2014-03-03 10:01:26,ITT,43.26,100,N,F
2014-03-03 10:01:26,ITT,43.29,100,J,F
2014-03-03 10:01:26,ITT,43.26,200,K,F
2014-03-03 10:01:26,ITT,43.27,27,T,I
2014-03-03 10:01:26,ITT,43.26,100,K,@
2014-03-03 10:01:26,ITT,43.26,73,T,I
2014-03-03 10:01:26,ITT,43.27,27,T,F I
2014-03-03 10:01:26,ITT,43.26,27,T,I
2014-03-03 10:01:26,ITT,43.26,73,T,I
2014-03-03 10:01:26,ITT,43.29,100,D,F
2014-03-03 10:01:26,ITT,43.285,100,P,F
2014-03-03 10:01:26,ITT,43.3,100,T,@
2014-03-03 10:01:26,ITT,43.3,100,J,@
2014-03-03 10:01:26,ITT,43.3,100,N,@
2014-03-03 10:01:33,ITT,43.33,100,D,@
2014-03-03 10:01:53,ITT,43.3,41,B,F I
2014-03-03 10:01:53,ITT,43.3,32,B,F I
2014-03-03 10:01:53,ITT,43.29,27,B,F I
2014-03-03 10:01:53,ITT,43.29,73,B,F I
2014-03-03 10:01:53,ITT,43.3,100,N,F
2014-03-03 10:01:53,ITT,43.3,73,N,F I
2014-03-03 10:01:53,ITT,43.29,27,N,F I
2014-03-03 10:01:53,ITT,43.29,73,N,F I
2014-03-03 10:01:53,ITT,43.28,54,T,F I
2014-03-03 10:01:53,ITT,43.28,46,T,F I
2014-03-03 10:01:53,ITT,43.26,73,P,I
2014-03-03 10:01:53,ITT,43.26,127,P,F
2014-03-03 10:01:53,ITT,43.26,27,P,F I
2014-03-03 10:01:53,ITT,43.28,100,D,@
2014-03-03 10:01:53,ITT,43.29,100,D,@
2014-03-03 10:01:53,ITT,43.27,100,N,F
2014-03-03 10:01:53,ITT,43.27,100,P,F
2014-03-03 10:01:53,ITT,43.27,100,T,@
2014-03-03 10:01:53,ITT,43.28,100,D,@
2014-03-03 10:01:58,ITT,43.24,41,T,F I
2014-03-03 10:01:58,ITT,43.24,27,T,F I
2014-03-03 10:01:58,ITT,43.23,100,N,F
2014-03-03 10:01:58,ITT,43.23,80,T,I
2014-03-03 10:01:59,ITT,43.22,200,N,F
2014-03-03 10:01:59,ITT,43.23,300,N,F
2014-03-03 10:01:59,ITT,43.23,100,B,F
2014-03-03 10:01:59,ITT,43.22,100,J,F
2014-03-03 10:02:00,ITT,43.27,100,D,@
2014-03-03 10:02:02,ITT,43.27,200,D,@
2014-03-03 10:02:03,ITT,43.23,2,N,F I
2014-03-03 10:02:11,ITT,43.23,100,J,F
2014-03-03 10:02:11,ITT,43.23,100,T,F
2014-03-03 10:02:11,ITT,43.23,100,K,F
2014-03-03 10:02:11,ITT,43.24,100,K,F
2014-03-03 10:02:11,ITT,43.27,98,T,F I
2014-03-03 10:02:11,ITT,43.27,2,T,F I
2014-03-03 10:02:11,ITT,43.27,100,B,@
2014-03-03 10:02:11,ITT,43.27,100,Y,@
2014-03-03 10:02:11,ITT,43.27,100,N,F
2014-03-03 10:02:11,ITT,43.28,98,N,F I
2014-03-03 10:02:11,ITT,43.28,2,N,F I
2014-03-03 10:02:14,ITT,43.265,1,D,I
2014-03-03 10:02:14,ITT,43.2899,16,D,I
2014-03-03 10:02:20,ITT,43.25,100,N,F
2014-03-03 10:02:20,ITT,43.25,2,N,F I
2014-03-03 10:02:20,ITT,43.25,98,N,F I
2014-03-03 10:02:20,ITT,43.24,2,N,F I
2014-03-03 10:02:20,ITT,43.24,98,N,F I
2014-03-03 10:02:20,ITT,43.23,2,N,F I
2014-03-03 10:02:23,ITT,43.27,100,N,F
2014-03-03 10:02:23,ITT,43.28,100,N,F
2014-03-03 10:02:23,ITT,43.28,100,T,F
2014-03-03 10:02:23,ITT,43.28,100,P,@
2014-03-03 10:02:23,ITT,43.29,100,N,F
2014-03-03 10:02:23,ITT,43.28,100,B,@
2014-03-03 10:02:23,ITT,43.28,100,T,F
2014-03-03 10:02:23,ITT,43.29,100,T,F
2014-03-03 10:02:23,ITT,43.28,100,Z,F
2014-03-03 10:02:23,ITT,43.28,100,Y,@
2014-03-03 10:02:23,ITT,43.28,100,N,@
2014-03-03 10:02:23,ITT,43.28,100,D,@
2014-03-03 10:02:23,ITT,43.3,100,N,F
2014-03-03 10:02:23,ITT,43.3,100,Z,F
2014-03-03 10:02:23,ITT,43.3,100,Z,F
2014-03-03 10:02:23,ITT,43.3,173,T,@
2014-03-03 10:02:23,ITT,43.3,100,K,@
2014-03-03 10:02:23,ITT,43.3,100,K,@
2014-03-03 10:02:23,ITT,43.31,100,T,F
2014-03-03 10:02:23,ITT,43.31,100,B,F
2014-03-03 10:02:23,ITT,43.31,100,T,F
2014-03-03 10:02:23,ITT,43.31,100,T,F
2014-03-03 10:02:23,ITT,43.29,100,D,@
2014-03-03 10:02:23,ITT,43.31,100,T,@
2014-03-03 10:02:23,ITT,43.32,100,T,F
2014-03-03 10:02:23,ITT,43.32,100,T,F
2014-03-03 10:02:23,ITT,43.33,400,N,@
2014-03-03 10:02:23,ITT,43.31,100,C,F
2014-03-03 10:02:24,ITT,43.35,79,N,I
2014-03-03 10:02:24,ITT,43.33,100,T,@
2014-03-03 10:02:31,ITT,43.33,4,T,I
2014-03-03 10:02:31,ITT,43.32,100,T,F
2014-03-03 10:02:31,ITT,43.32,100,Z,@
2014-03-03 10:02:31,ITT,43.32,100,N,@
2014-03-03 10:02:31,ITT,43.33,96,T,F I
2014-03-03 10:02:31,ITT,43.33,4,T,F I
2014-03-03 10:02:31,ITT,43.33,96,T,F I
2014-03-03 10:02:31,ITT,43.33,4,T,F I
2014-03-03 10:02:31,ITT,43.33,96,T,F I
2014-03-03 10:02:31,ITT,43.32,100,T,F
2014-03-03 10:02:33,ITT,43.31,100,N,@
2014-03-03 10:02:33,ITT,43.3,100,J,@
2014-03-03 10:02:33,ITT,43.3,127,T,F
2014-03-03 10:02:33,ITT,43.3,100,Z,F
2014-03-03 10:02:33,ITT,43.3,100,D,F
2014-03-03 10:02:33,ITT,43.3,100,D,@
2014-03-03 10:02:33,ITT,43.3,100,D,@
2014-03-03 10:02:33,ITT,43.3,100,D,@
2014-03-03 10:02:46,ITT,43.26,96,B,F I
2014-03-03 10:02:46,ITT,43.26,4,B,F I
2014-03-03 10:02:46,ITT,43.26,96,N,F I
2014-03-03 10:02:46,ITT,43.26,104,N,F
2014-03-03 10:02:46,ITT,43.28,200,T,@
2014-03-03 10:02:46,ITT,43.28,100,N,F
2014-03-03 10:02:46,ITT,43.28,100,B,F
2014-03-03 10:02:46,ITT,43.28,100,Y,F
2014-03-03 10:02:46,ITT,43.29,100,N,F
2014-03-03 10:02:46,ITT,43.28,100,C,F
2014-03-03 10:02:47,ITT,43.3,100,D,@
2014-03-03 10:02:49,ITT,43.3,300,D,@
2014-03-03 10:03:00,ITT,43.27,100,J,@
2014-03-03 10:03:00,ITT,43.26,100,N,@
2014-03-03 10:03:00,ITT,43.26,92,J,F I
2014-03-03 10:03:00,ITT,43.26,4,J,F I
2014-03-03 10:03:08,ITT,43.26,100,P,F
2014-03-03 10:03:32,ITT,43.32,100,T,F
2014-03-03 10:03:32,ITT,43.34,100,P,F
2014-03-03 10:03:32,ITT,43.32,100,K,F
2014-03-03 10:03:39,ITT,43.3,300,B,@
2014-03-03 10:03:39,ITT,43.3,100,T,@
2014-03-03 10:03:40,ITT,43.29600000000001,1,N,I
2014-03-03 10:03:45,ITT,43.3,100,D,@
2014-03-03 10:03:45,ITT,43.3,150,B,F
2014-03-03 10:03:45,ITT,43.3,50,B,F I
2014-03-03 10:03:45,ITT,43.3,100,N,F
2014-03-03 10:03:45,ITT,43.27,1,N,F I
2014-03-03 10:03:59,ITT,43.34,100,T,F
2014-03-03 10:04:09,ITT,43.31,86,B,F I
2014-03-03 10:04:19,ITT,43.31,100,T,F
2014-03-03 10:04:19,ITT,43.3,100,T,@
2014-03-03 10:04:19,ITT,43.3,8,T,F I
2014-03-03 10:04:19,ITT,43.3,2,P,I
2014-03-03 10:04:19,ITT,43.3,200,Z,F
2014-03-03 10:04:19,ITT,43.3,200,D,F
2014-03-03 10:04:19,ITT,43.31,100,P,F
2014-03-03 10:04:19,ITT,43.3,200,D,@
2014-03-03 10:04:19,ITT,43.3,100,D,@
2014-03-03 10:04:19,ITT,43.3,100,T,@
2014-03-03 10:04:21,ITT,43.27,250,D,@
2014-03-03 10:04:48,ITT,43.2801,12,D,I
2014-03-03 10:05:32,ITT,43.31,100,T,F
2014-03-03 10:05:32,ITT,43.31,100,P,@
2014-03-03 10:05:32,ITT,43.31,100,T,F
2014-03-03 10:05:32,ITT,43.33,6,P,F I
2014-03-03 10:05:32,ITT,43.32,100,N,F
2014-03-03 10:05:57,ITT,43.35,100,T,F
2014-03-03 10:05:57,ITT,43.35,100,T,F
2014-03-03 10:05:57,ITT,43.35,100,Y,@
2014-03-03 10:05:57,ITT,43.35,2,J,I
2014-03-03 10:05:57,ITT,43.35,100,N,@
2014-03-03 10:05:57,ITT,43.35,100,D,@
2014-03-03 10:06:17,ITT,43.325,100,D,@
2014-03-03 10:06:17,ITT,43.345,100,D,@
2014-03-03 10:06:17,ITT,43.32,100,D,@
2014-03-03 10:06:17,ITT,43.32,50,D,I
2014-03-03 10:06:22,ITT,43.33,100,J,@
2014-03-03 10:06:22,ITT,43.33,100,J,@
2014-03-03 10:06:22,ITT,43.33,50,J,I
2014-03-03 10:06:24,ITT,43.37,100,D,@
2014-03-03 10:06:32,ITT,43.34,22,X,F I
2014-03-03 10:06:44,ITT,43.32,100,T,F
2014-03-03 10:06:44,ITT,43.32,20,Y,F I
2014-03-03 10:06:44,ITT,43.32,80,Y,F I
2014-03-03 10:06:44,ITT,43.32,20,K,F I
2014-03-03 10:06:44,ITT,43.32,26,K,F I
2014-03-03 10:06:44,ITT,43.32,54,K,F I
2014-03-03 10:06:44,ITT,43.32,100,N,F
2014-03-03 10:06:44,ITT,43.31,100,N,F
2014-03-03 10:06:44,ITT,43.32,100,D,@
2014-03-03 10:06:48,ITT,43.3,1500,D,@
2014-03-03 10:06:48,ITT,43.3,100,N,F
2014-03-03 10:06:48,ITT,43.3,100,B,F
2014-03-03 10:06:48,ITT,43.3,100,T,F
2014-03-03 10:06:48,ITT,43.3,100,Y,F
2014-03-03 10:06:52,ITT,43.29,100,T,F
2014-03-03 10:06:52,ITT,43.29,100,K,F
2014-03-03 10:06:52,ITT,43.3,100,N,F
2014-03-03 10:06:52,ITT,43.3,100,T,@
2014-03-03 10:06:56,ITT,43.3,100,Z,@
2014-03-03 10:06:58,ITT,43.34,100,D,@
2014-03-03 10:07:02,ITT,43.31,50,B,F I
2014-03-03 10:07:02,ITT,43.3,50,B,F I
2014-03-03 10:07:02,ITT,43.3,80,N,F I
2014-03-03 10:07:02,ITT,43.3,120,N,F
2014-03-03 10:07:02,ITT,43.3,50,B,F I
2014-03-03 10:07:16,ITT,43.31,50,P,F I
2014-03-03 10:07:22,ITT,43.31,50,P,F I
2014-03-03 10:07:43,ITT,43.34,100,T,F
2014-03-03 10:07:43,ITT,43.34,100,T,F
2014-03-03 10:07:43,ITT,43.34,100,N,@
2014-03-03 10:07:43,ITT,43.34,2,J,I
2014-03-03 10:07:43,ITT,43.36,100,T,F
2014-03-03 10:07:43,ITT,43.36,100,T,F
2014-03-03 10:08:16,ITT,43.34,100,N,F
2014-03-03 10:08:16,ITT,43.34,200,B,F
2014-03-03 10:08:16,ITT,43.34,200,T,F
2014-03-03 10:08:37,ITT,43.33,100,K,F
2014-03-03 10:08:37,ITT,43.33,100,N,F
2014-03-03 10:08:37,ITT,43.33,100,N,F
2014-03-03 10:08:37,ITT,43.34,2,P,F I
2014-03-03 10:08:43,ITT,43.37,100,N,@
2014-03-03 10:09:21,ITT,43.33,100,N,F
2014-03-03 10:09:21,ITT,43.33,100,T,F
2014-03-03 10:09:21,ITT,43.33,100,Z,F
2014-03-03 10:09:21,ITT,43.33,100,P,F
2014-03-03 10:09:21,ITT,43.3,200,Z,@
2014-03-03 10:09:21,ITT,43.3,82,Z,F I
2014-03-03 10:09:21,ITT,43.3,118,Z,F
2014-03-03 10:09:21,ITT,43.3,118,Z,F
2014-03-03 10:09:21,ITT,43.3,200,Z,@
2014-03-03 10:09:21,ITT,43.3,82,Z,F I
2014-03-03 10:09:24,ITT,43.32,2,P,F I
2014-03-03 10:09:24,ITT,43.32,100,Z,F
2014-03-03 10:09:24,ITT,43.33,200,Z,F
2014-03-03 10:09:47,ITT,43.33,100,T,@
2014-03-03 10:09:58,ITT,43.31,100,B,F
2014-03-03 10:09:58,ITT,43.31,100,Y,F
2014-03-03 10:09:58,ITT,43.31,100,J,F
2014-03-03 10:09:58,ITT,43.31,2,K,F I
2014-03-03 10:09:58,ITT,43.31,100,T,@
2014-03-03 10:09:58,ITT,43.31,100,T,@
2014-03-03 10:09:58,ITT,43.31,98,N,F I
2014-03-03 10:09:58,ITT,43.3,100,Z,@
2014-03-03 10:09:58,ITT,43.3,5,Z,F I
2014-03-03 10:09:59,ITT,43.3,100,Z,F
2014-03-03 10:09:59,ITT,43.3,100,Z,@
2014-03-03 10:10:00,ITT,43.3,100,Z,@
2014-03-03 10:10:00,ITT,43.3,100,Z,@
2014-03-03 10:10:00,ITT,43.3,100,Z,@
2014-03-03 10:10:00,ITT,43.3,100,T,@
2014-03-03 10:10:00,ITT,43.3,100,T,F
2014-03-03 10:10:05,ITT,43.3,100,Z,@
2014-03-03 10:10:05,ITT,43.3,99,Z,I
2014-03-03 10:10:08,ITT,43.305,100,T,F
2014-03-03 10:10:14,ITT,43.31,100,T,F
2014-03-03 10:10:14,ITT,43.31,100,T,F
2014-03-03 10:10:14,ITT,43.32,100,T,F
2014-03-03 10:10:37,ITT,43.3,200,Z,@
2014-03-03 10:10:37,ITT,43.3,100,P,@
2014-03-03 10:10:37,ITT,43.3,100,Z,@
2014-03-03 10:10:37,ITT,43.3,100,T,F
2014-03-03 10:10:37,ITT,43.3,100,T,F
2014-03-03 10:10:37,ITT,43.3,200,N,@
2014-03-03 10:10:37,ITT,43.3,100,Z,F
2014-03-03 10:10:37,ITT,43.3,100,Z,F
2014-03-03 10:10:37,ITT,43.3,100,Z,@
2014-03-03 10:10:37,ITT,43.3,100,Z,@
2014-03-03 10:10:37,ITT,43.3,100,Z,@
2014-03-03 10:10:37,ITT,43.3,100,Z,F
2014-03-03 10:10:37,ITT,43.3,100,Z,F
2014-03-03 10:10:37,ITT,43.3,100,J,@
2014-03-03 10:10:37,ITT,43.3,100,Z,@
2014-03-03 10:10:39,ITT,43.3,100,T,@
2014-03-03 10:11:08,ITT,43.3,100,B,@
2014-03-03 10:11:10,ITT,43.3,62,P,I
2014-03-03 10:11:10,ITT,43.3,100,Z,@
2014-03-03 10:11:10,ITT,43.3,200,K,@
2014-03-03 10:11:10,ITT,43.3,200,Z,@
2014-03-03 10:11:10,ITT,43.3,200,Z,F
2014-03-03 10:11:10,ITT,43.3,199,Z,@
2014-03-03 10:11:13,ITT,43.3,200,Z,F
2014-03-03 10:11:15,ITT,43.3,200,Z,@
2014-03-03 10:11:15,ITT,43.3,100,K,@
2014-03-03 10:11:16,ITT,43.3,100,Z,@
2014-03-03 10:11:16,ITT,43.3,200,Z,F
2014-03-03 10:11:16,ITT,43.3,100,T,@
2014-03-03 10:11:16,ITT,43.3,100,D,F
2014-03-03 10:11:16,ITT,43.298,100,D,F
2014-03-03 10:11:16,ITT,43.3,4,P,F I
2014-03-03 10:11:16,ITT,43.3,1000,P,F
2014-03-03 10:11:16,ITT,43.3,1500,N,F
2014-03-03 10:11:16,ITT,43.3,100,Z,F
2014-03-03 10:11:16,ITT,43.3,100,Z,@
2014-03-03 10:11:16,ITT,43.3,100,Z,F
2014-03-03 10:11:16,ITT,43.3,700,N,F
2014-03-03 10:11:17,ITT,43.3,100,K,@
2014-03-03 10:11:17,ITT,43.3,500,N,F
2014-03-03 10:11:17,ITT,43.3,100,Z,F
2014-03-03 10:11:17,ITT,43.3,100,Z,F
2014-03-03 10:11:17,ITT,43.3,100,Z,F
2014-03-03 10:11:17,ITT,43.3,400,N,F
2014-03-03 10:11:18,ITT,43.3,100,Z,F
2014-03-03 10:11:19,ITT,43.3,100,Z,@
2014-03-03 10:11:19,ITT,43.3,100,T,F
2014-03-03 10:11:19,ITT,43.3,500,N,F
2014-03-03 10:11:19,ITT,43.3,200,Z,@
2014-03-03 10:11:19,ITT,43.3,100,Z,@
2014-03-03 10:11:20,ITT,43.3,100,Z,@
2014-03-03 10:11:20,ITT,43.3,200,Z,F
2014-03-03 10:11:20,ITT,43.3,100,Z,F
2014-03-03 10:11:20,ITT,43.3,192,N,F
2014-03-03 10:11:20,ITT,43.3,127,N,F
2014-03-03 10:11:22,ITT,43.2801,100,D,@
2014-03-03 10:11:23,ITT,43.31,100,P,@
2014-03-03 10:11:23,ITT,43.31,100,T,F
2014-03-03 10:11:23,ITT,43.31,100,T,F
2014-03-03 10:11:23,ITT,43.31,100,Z,F
2014-03-03 10:11:23,ITT,43.31,100,K,F
2014-03-03 10:11:23,ITT,43.31,100,T,F
2014-03-03 10:11:23,ITT,43.31,100,N,@
2014-03-03 10:11:23,ITT,43.31,100,T,F
2014-03-03 10:11:23,ITT,43.31,100,T,F
2014-03-03 10:11:23,ITT,43.31,100,J,F
2014-03-03 10:11:23,ITT,43.31,100,D,@
2014-03-03 10:11:23,ITT,43.28,100,B,F
2014-03-03 10:11:25,ITT,43.28,100,B,F
2014-03-03 10:11:25,ITT,43.28,100,B,F
2014-03-03 10:11:26,ITT,43.2701,100,D,@
2014-03-03 10:11:33,ITT,43.31,100,B,F
2014-03-03 10:11:33,ITT,43.3,100,T,F
2014-03-03 10:11:33,ITT,43.31,100,T,F
2014-03-03 10:11:33,ITT,43.31,100,N,F
2014-03-03 10:11:33,ITT,43.31,200,D,@
2014-03-03 10:11:39,ITT,43.3,100,T,F
2014-03-03 10:11:39,ITT,43.29,200,T,F
2014-03-03 10:11:39,ITT,43.3,100,Z,F
2014-03-03 10:11:39,ITT,43.29,100,T,F
2014-03-03 10:11:39,ITT,43.3,100,D,F
2014-03-03 10:11:39,ITT,43.295,100,D,@
2014-03-03 10:11:42,ITT,43.3,100,D,@
2014-03-03 10:11:42,ITT,43.3,100,D,@
2014-03-03 10:11:52,ITT,43.25,200,D,@
2014-03-03 10:11:52,ITT,43.28,100,P,@
2014-03-03 10:11:52,ITT,43.2625,300,D,@
2014-03-03 10:11:52,ITT,43.275,100,D,@
2014-03-03 10:11:52,ITT,43.275,200,D,@
2014-03-03 10:11:52,ITT,43.3,100,D,@
2014-03-03 10:11:52,ITT,43.25,300,D,@
2014-03-03 10:11:52,ITT,43.2625,300,D,@
2014-03-03 10:11:52,ITT,43.28,300,D,@
2014-03-03 10:11:52,ITT,43.28,1100,D,@
2014-03-03 10:11:53,ITT,43.26,100,D,@
2014-03-03 10:11:54,ITT,43.25,200,D,@
2014-03-03 10:12:02,ITT,43.26,57,T,F I
2014-03-03 10:12:02,ITT,43.27,49,P,F I
2014-03-03 10:12:02,ITT,43.26,100,Y,F
2014-03-03 10:12:02,ITT,43.25,100,T,F
2014-03-03 10:12:02,ITT,43.25,100,T,F
2014-03-03 10:12:02,ITT,43.25,100,D,@
2014-03-03 10:12:02,ITT,43.25,100,D,@
2014-03-03 10:12:02,ITT,43.21,100,Y,F
2014-03-03 10:12:02,ITT,43.21,100,T,F
2014-03-03 10:12:10,ITT,43.23,100,D,@
2014-03-03 10:12:11,ITT,43.24,100,P,F
2014-03-03 10:12:17,ITT,43.26,2,P,F I
2014-03-03 10:12:17,ITT,43.26,100,P,F
2014-03-03 10:12:17,ITT,43.27,100,Y,F
2014-03-03 10:12:17,ITT,43.25,100,D,@
2014-03-03 10:12:17,ITT,43.25,100,D,@
2014-03-03 10:12:17,ITT,43.25,100,D,@
2014-03-03 10:12:17,ITT,43.25,100,D,@
2014-03-03 10:12:19,ITT,43.25,100,D,@
2014-03-03 10:12:22,ITT,43.25,100,Y,F
2014-03-03 10:12:22,ITT,43.25,43,B,F I
2014-03-03 10:12:39,ITT,43.26,100,D,@
2014-03-03 10:12:41,ITT,43.26,100,N,F
2014-03-03 10:12:41,ITT,43.26,100,Z,F
2014-03-03 10:12:41,ITT,43.26,100,Z,@
2014-03-03 10:12:45,ITT,43.27,300,D,@
2014-03-03 10:12:45,ITT,43.27,700,D,@
2014-03-03 10:12:45,ITT,43.27,1500,D,@
2014-03-03 10:12:50,ITT,43.25,100,T,F
2014-03-03 10:12:50,ITT,43.25,200,N,F
2014-03-03 10:12:50,ITT,43.23,100,N,F
2014-03-03 10:12:50,ITT,43.25,96,T,F I
2014-03-03 10:12:50,ITT,43.25,4,T,I
2014-03-03 10:12:56,ITT,43.22,100,C,F
2014-03-03 10:12:56,ITT,43.22,100,C,F
2014-03-03 10:12:56,ITT,43.22,100,C,F
2014-03-03 10:12:56,ITT,43.22,100,C,F
2014-03-03 10:12:56,ITT,43.22,100,C,F
2014-03-03 10:13:08,ITT,43.19,100,B,F
2014-03-03 10:13:08,ITT,43.19,100,B,F
2014-03-03 10:13:08,ITT,43.19,100,Y,F
2014-03-03 10:13:10,ITT,43.2,5,K,I
2014-03-03 10:13:17,ITT,43.16,100,K,F
2014-03-03 10:13:19,ITT,43.19,100,T,F
2014-03-03 10:13:19,ITT,43.19,200,Y,F
2014-03-03 10:13:19,ITT,43.18,100,Y,F
2014-03-03 10:13:19,ITT,43.17,100,D,@
2014-03-03 10:13:19,ITT,43.19,1,C,F I
2014-03-03 10:13:37,ITT,43.16,100,B,@
2014-03-03 10:13:37,ITT,43.16,64,Y,I
2014-03-03 10:13:37,ITT,43.16,36,D,I
2014-03-03 10:13:47,ITT,43.18,48,T,F I
2014-03-03 10:13:47,ITT,43.18,52,T,F I
2014-03-03 10:13:47,ITT,43.18,100,P,F
2014-03-03 10:13:47,ITT,43.18,1,Y,F I
2014-03-03 10:13:48,ITT,43.18,36,Z,I
2014-03-03 10:13:48,ITT,43.2,100,B,F
2014-03-03 10:13:48,ITT,43.2,100,N,F
2014-03-03 10:13:48,ITT,43.18,100,D,@
2014-03-03 10:14:00,ITT,43.21,3,P,F I
2014-03-03 10:14:00,ITT,43.21,100,Z,F
2014-03-03 10:14:00,ITT,43.21,100,Z,F
2014-03-03 10:14:13,ITT,43.2,100,T,F
2014-03-03 10:14:13,ITT,43.2,52,Z,F I
2014-03-03 10:14:13,ITT,43.2,100,P,F
2014-03-03 10:14:13,ITT,43.2,100,J,F
2014-03-03 10:14:13,ITT,43.2,48,Z,F I
2014-03-03 10:14:13,ITT,43.2,100,T,F
2014-03-03 10:14:13,ITT,43.2,100,B,@
2014-03-03 10:14:13,ITT,43.2,100,Z,F
2014-03-03 10:14:13,ITT,43.2,3,N,F I
2014-03-03 10:14:13,ITT,43.2,97,N,I
2014-03-03 10:14:13,ITT,43.2,100,D,F
2014-03-03 10:14:13,ITT,43.2,100,D,@
2014-03-03 10:14:13,ITT,43.2,100,P,@
2014-03-03 10:14:13,ITT,43.2,100,D,@
2014-03-03 10:14:17,ITT,43.17,100,D,F
2014-03-03 10:14:33,ITT,43.24,100,B,@
2014-03-03 10:14:39,ITT,43.18,100,B,F
2014-03-03 10:14:39,ITT,43.17,100,N,F
2014-03-03 10:14:39,ITT,43.16,52,K,F I
2014-03-03 10:14:41,ITT,43.2,100,D,@
2014-03-03 10:14:41,ITT,43.19,100,N,F
2014-03-03 10:14:41,ITT,43.2,100,B,F
2014-03-03 10:14:41,ITT,43.2,100,Y,F
2014-03-03 10:14:41,ITT,43.19,100,J,F
2014-03-03 10:14:41,ITT,43.2,100,N,F
2014-03-03 10:14:41,ITT,43.22,100,P,F
2014-03-03 10:14:41,ITT,43.2,100,D,F
2014-03-03 10:15:04,ITT,43.18,4,T,F I
2014-03-03 10:15:25,ITT,43.18,100,D,@
2014-03-03 10:15:27,ITT,43.16,100,N,F
2014-03-03 10:15:27,ITT,43.16,54,N,I
2014-03-03 10:15:27,ITT,43.16,100,C,F
2014-03-03 10:15:27,ITT,43.16,100,D,@
2014-03-03 10:15:49,ITT,43.18,100,P,F
2014-03-03 10:15:49,ITT,43.18,200,N,F
2014-03-03 10:15:49,ITT,43.18,2,T,F I
2014-03-03 10:15:49,ITT,43.18,3,T,F I
2014-03-03 10:16:32,ITT,43.17,100,P,F
2014-03-03 10:16:32,ITT,43.165,100,D,@
2014-03-03 10:16:39,ITT,43.18,100,Y,F
2014-03-03 10:16:39,ITT,43.18,100,P,F
2014-03-03 10:16:39,ITT,43.18,2,P,F I
2014-03-03 10:16:54,ITT,43.2,100,P,F
2014-03-03 10:16:54,ITT,43.2,100,Z,F
2014-03-03 10:17:22,ITT,43.17,102,T,F
2014-03-03 10:17:22,ITT,43.17,2,J,F I
2014-03-03 10:17:22,ITT,43.17,98,J,F I
2014-03-03 10:17:22,ITT,43.17,110,P,F
2014-03-03 10:17:22,ITT,43.17,98,T,F I
2014-03-03 10:17:22,ITT,43.16,100,T,F
2014-03-03 10:17:22,ITT,43.16,100,Y,@
2014-03-03 10:17:59,ITT,43.165,100,D,@
2014-03-03 10:18:03,ITT,43.165,100,D,@
2014-03-03 10:18:03,ITT,43.17,100,T,@
2014-03-03 10:18:06,ITT,43.165,100,B,@
2014-03-03 10:18:43,ITT,43.18,3,D,I
2014-03-03 10:18:52,ITT,43.18,100,Z,F
2014-03-03 10:18:52,ITT,43.18,100,Y,F
2014-03-03 10:18:52,ITT,43.18,100,Z,F
2014-03-03 10:18:52,ITT,43.18,100,P,F
2014-03-03 10:18:52,ITT,43.18,2,P,F I
2014-03-03 10:18:52,ITT,43.18,2,P,F I
2014-03-03 10:18:54,ITT,43.19,100,D,@
2014-03-03 10:18:55,ITT,43.2,200,D,@
2014-03-03 10:18:55,ITT,43.2,100,P,F
2014-03-03 10:18:55,ITT,43.23,100,Z,@
2014-03-03 10:18:55,ITT,43.23,100,B,@
2014-03-03 10:18:55,ITT,43.23,100,T,F
2014-03-03 10:18:55,ITT,43.23,100,P,@
2014-03-03 10:18:55,ITT,43.23,100,T,F
2014-03-03 10:18:55,ITT,43.22,100,P,F
2014-03-03 10:18:55,ITT,43.22,100,T,@
2014-03-03 10:18:55,ITT,43.22,100,T,F
2014-03-03 10:18:55,ITT,43.23,100,D,@
2014-03-03 10:18:55,ITT,43.23,100,C,@
2014-03-03 10:18:55,ITT,43.24,100,T,@
2014-03-03 10:18:55,ITT,43.24,100,N,@
2014-03-03 10:18:55,ITT,43.24,100,T,@
2014-03-03 10:18:55,ITT,43.24,100,N,F
2014-03-03 10:18:59,ITT,43.23,100,P,@
2014-03-03 10:18:59,ITT,43.23,100,B,@
2014-03-03 10:18:59,ITT,43.24,100,T,F
2014-03-03 10:18:59,ITT,43.23,100,Z,F
2014-03-03 10:18:59,ITT,43.23,100,K,@
2014-03-03 10:18:59,ITT,43.23,100,J,@
2014-03-03 10:18:59,ITT,43.235,100,D,@
2014-03-03 10:18:59,ITT,43.24,100,D,@
2014-03-03 10:19:13,ITT,43.25,98,P,F I
2014-03-03 10:19:13,ITT,43.25,2,P,F I
2014-03-03 10:19:14,ITT,43.24,100,P,F
2014-03-03 10:19:15,ITT,43.25,100,T,F
2014-03-03 10:19:15,ITT,43.24,100,P,F
2014-03-03 10:19:15,ITT,43.26,100,N,F
2014-03-03 10:19:15,ITT,43.25,98,P,F I
2014-03-03 10:19:15,ITT,43.25,2,P,F I
2014-03-03 10:19:15,ITT,43.25,100,D,@
2014-03-03 10:19:15,ITT,43.25,100,D,@
2014-03-03 10:19:15,ITT,43.25,100,D,@
2014-03-03 10:19:22,ITT,43.24,100,J,F
2014-03-03 10:19:24,ITT,43.22,100,T,F
2014-03-03 10:19:24,ITT,43.22,100,J,F
2014-03-03 10:19:24,ITT,43.22,100,D,@
2014-03-03 10:19:30,ITT,43.211999999999996,125,D,@
2014-03-03 10:19:38,ITT,43.2,100,B,F
2014-03-03 10:19:38,ITT,43.2,100,P,@
2014-03-03 10:19:38,ITT,43.18,25,B,I
2014-03-03 10:19:38,ITT,43.18,100,C,@
2014-03-03 10:19:40,ITT,43.23,4,D,I
2014-03-03 10:20:37,ITT,43.23,100,P,F
2014-03-03 10:20:37,ITT,43.23,100,Y,F
2014-03-03 10:20:37,ITT,43.23,3,P,F I
2014-03-03 10:20:37,ITT,43.23,25,P,F I
2014-03-03 10:20:37,ITT,43.22,100,B,@
2014-03-03 10:20:43,ITT,43.23,100,B,F
2014-03-03 10:20:43,ITT,43.23,4,Z,F I
2014-03-03 10:20:44,ITT,43.22,100,T,@
2014-03-03 10:21:00,ITT,43.28,100,D,@
2014-03-03 10:21:27,ITT,43.26,100,D,@
2014-03-03 10:21:27,ITT,43.26,200,D,@
2014-03-03 10:21:31,ITT,43.26,100,Y,@
2014-03-03 10:21:31,ITT,43.25,600,D,@
2014-03-03 10:21:32,ITT,43.265,100,B,@
2014-03-03 10:21:32,ITT,43.25,800,D,@
2014-03-03 10:21:32,ITT,43.265,100,B,@
2014-03-03 10:21:32,ITT,43.25,50,B,F I
2014-03-03 10:21:32,ITT,43.25,600,D,@
2014-03-03 10:21:32,ITT,43.25,9000,D,@
2014-03-03 10:21:32,ITT,43.25,6466,D,@
2014-03-03 10:21:32,ITT,43.25,100,D,@
2014-03-03 10:21:32,ITT,43.25,100,N,F
2014-03-03 10:21:32,ITT,43.25,34,B,I
2014-03-03 10:21:32,ITT,43.25,100,D,@
2014-03-03 10:21:32,ITT,43.25,100,N,F
2014-03-03 10:21:32,ITT,43.24,100,Z,@
2014-03-03 10:21:32,ITT,43.25,100,D,@
2014-03-03 10:21:33,ITT,43.21,100,N,F
2014-03-03 10:21:34,ITT,43.2,100,T,F
2014-03-03 10:21:34,ITT,43.22,100,J,@
2014-03-03 10:21:34,ITT,43.2,200,D,@
2014-03-03 10:21:34,ITT,43.2,300,D,@
2014-03-03 10:21:34,ITT,43.18,100,D,F
2014-03-03 10:21:44,ITT,43.19,100,N,F
2014-03-03 10:21:48,ITT,43.19,200,P,F
2014-03-03 10:21:48,ITT,43.19,100,T,F
2014-03-03 10:21:48,ITT,43.18,48,K,F I
2014-03-03 10:21:48,ITT,43.18,200,D,@
2014-03-03 10:21:48,ITT,43.195,100,D,@
2014-03-03 10:21:53,ITT,43.18,100,K,@
2014-03-03 10:21:53,ITT,43.18,100,N,@
2014-03-03 10:21:53,ITT,43.19,100,B,F
2014-03-03 10:21:58,ITT,43.183,300,D,F
2014-03-03 10:21:58,ITT,43.195,100,D,@
2014-03-03 10:21:58,ITT,43.195,100,D,@
2014-03-03 10:22:03,ITT,43.15,100,P,F
2014-03-03 10:22:03,ITT,43.17,100,Z,F
2014-03-03 10:22:03,ITT,43.15,100,Z,F
2014-03-03 10:22:03,ITT,43.15,100,K,F
2014-03-03 10:22:03,ITT,43.17,100,N,F
2014-03-03 10:22:03,ITT,43.15,100,Z,F
2014-03-03 10:22:03,ITT,43.15,16,T,I
2014-03-03 10:22:03,ITT,43.15,35,Z,I
2014-03-03 10:22:03,ITT,43.165,17,N,I
2014-03-03 10:22:03,ITT,43.16,100,Z,F
2014-03-03 10:22:03,ITT,43.17,100,T,F
2014-03-03 10:22:03,ITT,43.17,100,T,F
2014-03-03 10:22:03,ITT,43.17,100,T,F
2014-03-03 10:22:03,ITT,43.17,100,T,F
2014-03-03 10:22:03,ITT,43.17,16,T,F I
2014-03-03 10:22:03,ITT,43.17,14,T,F I
2014-03-03 10:22:03,ITT,43.16,4,D,I
2014-03-03 10:22:13,ITT,43.1502,727,D,@
2014-03-03 10:22:19,ITT,43.16,200,T,F
2014-03-03 10:22:19,ITT,43.16,79,T,F I
2014-03-03 10:22:19,ITT,43.17,100,D,@
2014-03-03 10:22:19,ITT,43.17,100,K,@
2014-03-03 10:22:20,ITT,43.16,65,Y,F I
2014-03-03 10:22:20,ITT,43.16,500,D,@
2014-03-03 10:22:38,ITT,43.16,100,T,F
2014-03-03 10:22:38,ITT,43.16,100,D,F
2014-03-03 10:22:38,ITT,43.16,21,D,F I
2014-03-03 10:22:47,ITT,43.17,100,Z,F
2014-03-03 10:22:47,ITT,43.17,100,J,F
2014-03-03 10:22:47,ITT,43.17,100,K,F
2014-03-03 10:22:47,ITT,43.17,100,N,F
2014-03-03 10:22:47,ITT,43.17,100,K,F
2014-03-03 10:22:47,ITT,43.17,2,P,I
2014-03-03 10:22:47,ITT,43.17,100,T,@
2014-03-03 10:22:50,ITT,43.17,100,P,F
2014-03-03 10:22:50,ITT,43.17,100,J,F
2014-03-03 10:22:50,ITT,43.17,100,N,F
2014-03-03 10:22:50,ITT,43.17,100,K,F
2014-03-03 10:22:50,ITT,43.17,79,D,F I
2014-03-03 10:22:50,ITT,43.17,100,P,F
2014-03-03 10:22:50,ITT,43.16,100,D,@
2014-03-03 10:23:00,ITT,43.17,100,X,F
2014-03-03 10:23:00,ITT,43.17,100,J,F
2014-03-03 10:23:00,ITT,43.17,21,T,F I
2014-03-03 10:23:00,ITT,43.17,100,D,F
2014-03-03 10:23:03,ITT,43.17,79,T,F I
2014-03-03 10:23:03,ITT,43.17,100,T,F
2014-03-03 10:23:04,ITT,43.18,100,Z,F
2014-03-03 10:23:04,ITT,43.18,31,T,F I
2014-03-03 10:23:04,ITT,43.18,100,T,F
2014-03-03 10:23:04,ITT,43.18,100,N,@
2014-03-03 10:23:04,ITT,43.18,100,D,@
2014-03-03 10:23:04,ITT,43.18,100,Z,@
2014-03-03 10:23:04,ITT,43.18,51,D,I
2014-03-03 10:23:04,ITT,43.18,26,D,F I
2014-03-03 10:23:15,ITT,43.17,100,D,@
2014-03-03 10:24:16,ITT,43.18,100,T,F
2014-03-03 10:24:16,ITT,43.18,100,D,@
2014-03-03 10:24:16,ITT,43.18,100,Z,@
2014-03-03 10:24:16,ITT,43.18,100,T,F
2014-03-03 10:24:16,ITT,43.18,164,T,F
2014-03-03 10:24:16,ITT,43.18,100,T,F
2014-03-03 10:24:16,ITT,43.17,200,D,@
2014-03-03 10:25:02,ITT,43.17,21,T,F I
2014-03-03 10:25:02,ITT,43.17,200,K,@
2014-03-03 10:25:02,ITT,43.17,79,T,F I
2014-03-03 10:25:02,ITT,43.17,100,T,F
2014-03-03 10:25:02,ITT,43.17,100,D,@
2014-03-03 10:25:02,ITT,43.17,100,D,@
2014-03-03 10:25:03,ITT,43.15,65,Z,F I
2014-03-03 10:25:03,ITT,43.15,100,D,@
2014-03-03 10:25:04,ITT,43.15,100,Z,F
2014-03-03 10:25:04,ITT,43.16,100,Z,F
2014-03-03 10:25:04,ITT,43.16,100,T,F
2014-03-03 10:25:06,ITT,43.15,100,Z,F
2014-03-03 10:25:06,ITT,43.15,100,Z,F
2014-03-03 10:25:06,ITT,43.15,300,D,@
2014-03-03 10:25:08,ITT,43.15,100,T,@
2014-03-03 10:25:08,ITT,43.15,100,Z,@
2014-03-03 10:25:08,ITT,43.15,100,Z,F
2014-03-03 10:25:08,ITT,43.15,100,Z,F
2014-03-03 10:25:08,ITT,43.15,100,Z,F
2014-03-03 10:25:08,ITT,43.15,100,T,F
2014-03-03 10:25:09,ITT,43.15,68,Z,F I
2014-03-03 10:25:10,ITT,43.15,100,Z,F
2014-03-03 10:25:13,ITT,43.15,100,Z,@
2014-03-03 10:25:13,ITT,43.15,100,Z,@
2014-03-03 10:25:15,ITT,43.15,100,Z,F
2014-03-03 10:25:27,ITT,43.15,100,D,@
2014-03-03 10:25:55,ITT,43.16,100,T,F
2014-03-03 10:25:55,ITT,43.16,95,P,F I
2014-03-03 10:25:55,ITT,43.16,5,Y,F I
2014-03-03 10:25:55,ITT,43.16,5,P,F I
2014-03-03 10:25:55,ITT,43.16,100,Z,F
2014-03-03 10:25:55,ITT,43.16,200,J,F
2014-03-03 10:25:55,ITT,43.17,100,T,F
2014-03-03 10:25:55,ITT,43.18,100,J,@
2014-03-03 10:25:55,ITT,43.18,100,N,@
2014-03-03 10:25:59,ITT,43.16,100,D,F
2014-03-03 10:26:16,ITT,43.22,95,Z,F I
2014-03-03 10:26:16,ITT,43.22,5,Z,F I
2014-03-03 10:26:16,ITT,43.2,2,J,I
2014-03-03 10:26:19,ITT,43.24,100,N,F
2014-03-03 10:26:19,ITT,43.25,95,N,F I
2014-03-03 10:26:21,ITT,43.255,100,P,F
2014-03-03 10:26:21,ITT,43.255,100,Y,@
2014-03-03 10:26:24,ITT,43.2401,100,D,@
2014-03-03 10:26:48,ITT,43.24,5,D,I
2014-03-03 10:27:02,ITT,43.24,100,T,F
2014-03-03 10:27:02,ITT,43.24,100,T,F
2014-03-03 10:27:02,ITT,43.24,100,K,F
2014-03-03 10:27:03,ITT,43.26,18,D,I
2014-03-03 10:27:16,ITT,43.255,200,D,@
2014-03-03 10:27:32,ITT,43.25,100,T,F
2014-03-03 10:27:32,ITT,43.25,100,Y,@
2014-03-03 10:27:32,ITT,43.25,100,D,@
2014-03-03 10:27:35,ITT,43.2401,100,D,@
2014-03-03 10:27:52,ITT,43.25,200,Y,@
2014-03-03 10:27:52,ITT,43.25,200,D,@
2014-03-03 10:27:52,ITT,43.25,200,D,@
2014-03-03 10:27:52,ITT,43.26,3,P,I
2014-03-03 10:27:52,ITT,43.26,100,T,@
2014-03-03 10:27:52,ITT,43.265,200,Z,@
2014-03-03 10:27:52,ITT,43.265,100,Z,@
2014-03-03 10:27:52,ITT,43.26,200,D,@
2014-03-03 10:27:52,ITT,43.26,100,D,@
2014-03-03 10:27:52,ITT,43.27,76,P,I
2014-03-03 10:27:52,ITT,43.27,24,P,F I
2014-03-03 10:27:52,ITT,43.27,100,T,@
2014-03-03 10:27:52,ITT,43.27,100,Z,@
2014-03-03 10:27:52,ITT,43.26,100,D,@
2014-03-03 10:27:52,ITT,43.26,76,D,I
2014-03-03 10:28:08,ITT,43.285,200,N,F
2014-03-03 10:28:08,ITT,43.28,18,N,F I
2014-03-03 10:28:08,ITT,43.27,82,N,F I
2014-03-03 10:28:57,ITT,43.29600000000001,588,D,@
2014-03-03 10:29:00,ITT,43.28,1,D,I
2014-03-03 10:29:14,ITT,43.3,2,P,F I
2014-03-03 10:29:14,ITT,43.29,100,P,F
2014-03-03 10:29:14,ITT,43.29,100,P,F
2014-03-03 10:29:14,ITT,43.29,100,N,F
2014-03-03 10:29:14,ITT,43.29,100,N,F
2014-03-03 10:29:14,ITT,43.29,100,P,@
2014-03-03 10:29:14,ITT,43.3,10,N,F I
2014-03-03 10:29:14,ITT,43.29,100,P,F
2014-03-03 10:29:14,ITT,43.3,90,N,I
2014-03-03 10:29:14,ITT,43.29,100,Y,@
2014-03-03 10:29:14,ITT,43.29,100,P,F
2014-03-03 10:29:14,ITT,43.29,100,P,@
2014-03-03 10:29:14,ITT,43.29,100,P,F
2014-03-03 10:29:14,ITT,43.29,100,D,@
2014-03-03 10:29:14,ITT,43.29,100,P,@
2014-03-03 10:29:14,ITT,43.3,98,P,I
2014-03-03 10:29:14,ITT,43.3,2,P,I
2014-03-03 10:29:14,ITT,43.29,100,D,@
2014-03-03 10:29:14,ITT,43.29,100,D,@
2014-03-03 10:29:31,ITT,43.32,100,P,F
2014-03-03 10:29:31,ITT,43.32,98,N,F I
2014-03-03 10:29:31,ITT,43.32,98,N,F I
2014-03-03 10:29:31,ITT,43.32,2,N,F I
2014-03-03 10:29:31,ITT,43.32,2,N,F I
2014-03-03 10:30:14,ITT,43.33,98,T,F I
2014-03-03 10:30:14,ITT,43.33,2,T,F I
2014-03-03 10:30:14,ITT,43.315,300,P,@
2014-03-03 10:30:14,ITT,43.33,95,Z,F I
2014-03-03 10:30:14,ITT,43.315,100,J,@
2014-03-03 10:30:14,ITT,43.33,96,P,F I
2014-03-03 10:30:14,ITT,43.315,300,Y,@
2014-03-03 10:30:14,ITT,43.315,103,P,F
2014-03-03 10:30:14,ITT,43.33,200,K,@
2014-03-03 10:30:14,ITT,43.315,300,Z,F
2014-03-03 10:30:14,ITT,43.315,100,Z,F
2014-03-03 10:30:14,ITT,43.33,2,Z,F I
2014-03-03 10:30:14,ITT,43.33,3,Z,I
2014-03-03 10:30:14,ITT,43.315,103,P,@
2014-03-03 10:30:14,ITT,43.315,100,P,F
2014-03-03 10:30:14,ITT,43.315,100,N,@
2014-03-03 10:30:14,ITT,43.3225,100,D,@
2014-03-03 10:30:14,ITT,43.33,4,P,F I
2014-03-03 10:30:14,ITT,43.33,3,P,F I
2014-03-03 10:30:14,ITT,43.33,100,T,F
2014-03-03 10:30:14,ITT,43.33,200,D,@
2014-03-03 10:30:14,ITT,43.33,100,D,@
2014-03-03 10:30:14,ITT,43.325,100,D,@
2014-03-03 10:30:14,ITT,43.315,100,D,@
2014-03-03 10:30:14,ITT,43.325,100,D,@
2014-03-03 10:30:14,ITT,43.33,100,P,F
2014-03-03 10:30:14,ITT,43.315,200,D,@
2014-03-03 10:30:14,ITT,43.33,100,D,@
2014-03-03 10:30:14,ITT,43.33,100,J,@
2014-03-03 10:30:14,ITT,43.3275,200,D,@
2014-03-03 10:30:15,ITT,43.33,100,D,@
2014-03-03 10:30:24,ITT,43.32,200,N,F
2014-03-03 10:30:24,ITT,43.32,100,N,F
2014-03-03 10:30:24,ITT,43.32,100,T,F
2014-03-03 10:31:12,ITT,43.3,100,D,F
2014-03-03 10:31:40,ITT,43.3,100,T,@
2014-03-03 10:31:40,ITT,43.3,100,B,@
2014-03-03 10:31:40,ITT,43.3,100,T,@
2014-03-03 10:31:40,ITT,43.3,100,T,@
2014-03-03 10:31:40,ITT,43.3,100,Z,F
2014-03-03 10:31:40,ITT,43.3,100,N,@
2014-03-03 10:31:40,ITT,43.3,100,J,@
2014-03-03 10:31:40,ITT,43.3,100,J,F
2014-03-03 10:31:40,ITT,43.3,200,D,@
2014-03-03 10:31:40,ITT,43.28,100,Y,@
2014-03-03 10:31:40,ITT,43.28,100,Y,@
2014-03-03 10:31:40,ITT,43.3,200,D,@
2014-03-03 10:31:40,ITT,43.29,300,D,@
2014-03-03 10:31:40,ITT,43.29,700,D,@
2014-03-03 10:31:40,ITT,43.3,100,D,@
2014-03-03 10:31:40,ITT,43.3,100,D,@
2014-03-03 10:31:40,ITT,43.3,100,D,@
2014-03-03 10:31:50,ITT,43.27,100,J,@
2014-03-03 10:33:11,ITT,43.26,400,D,@
2014-03-03 10:33:18,ITT,43.29,100,B,F
2014-03-03 10:34:06,ITT,43.275,100,J,F
2014-03-03 10:34:07,ITT,43.26,9,N,I
2014-03-03 10:34:07,ITT,43.26,100,T,F
2014-03-03 10:34:07,ITT,43.26,91,N,I
2014-03-03 10:34:07,ITT,43.26,200,D,@
2014-03-03 10:34:07,ITT,43.25,100,T,F
2014-03-03 10:34:07,ITT,43.25,100,Y,@
2014-03-03 10:34:07,ITT,43.25,100,D,@
2014-03-03 10:34:07,ITT,43.26,100,D,@
2014-03-03 10:34:07,ITT,43.26,100,D,@
2014-03-03 10:34:20,ITT,43.23,100,Z,F
2014-03-03 10:34:21,ITT,43.23,100,K,@
2014-03-03 10:34:23,ITT,43.22,100,B,@
2014-03-03 10:35:03,ITT,43.21,56,B,F I
2014-03-03 10:35:23,ITT,43.19,200,B,F
2014-03-03 10:35:23,ITT,43.19,200,B,F
2014-03-03 10:35:23,ITT,43.19,100,P,F
2014-03-03 10:35:23,ITT,43.19,100,Z,F
2014-03-03 10:35:23,ITT,43.19,200,N,@
2014-03-03 10:35:23,ITT,43.19,100,Z,@
2014-03-03 10:35:23,ITT,43.19,100,Z,F
2014-03-03 10:35:23,ITT,43.19,100,J,@
2014-03-03 10:35:23,ITT,43.19,100,T,F
2014-03-03 10:35:23,ITT,43.19,100,T,F
2014-03-03 10:35:23,ITT,43.19,200,T,F
2014-03-03 10:35:23,ITT,43.19,100,Z,@
2014-03-03 10:35:23,ITT,43.19,100,D,@
2014-03-03 10:35:23,ITT,43.19,100,D,@
2014-03-03 10:35:25,ITT,43.18,85,Z,F I
2014-03-03 10:35:25,ITT,43.18,70,P,F I
2014-03-03 10:35:25,ITT,43.18,100,T,F
2014-03-03 10:35:25,ITT,43.18,15,Z,F I
2014-03-03 10:35:25,ITT,43.18,100,Z,F
2014-03-03 10:35:25,ITT,43.18,15,Z,F I
2014-03-03 10:35:25,ITT,43.18,85,Z,F I
2014-03-03 10:35:25,ITT,43.17,100,N,F
2014-03-03 10:35:25,ITT,43.16,70,B,F I
2014-03-03 10:35:25,ITT,43.16,15,B,F I
2014-03-03 10:35:25,ITT,43.18,100,D,@
2014-03-03 10:35:25,ITT,43.16,15,B,F I
2014-03-03 10:35:25,ITT,43.18,100,D,@
2014-03-03 10:35:25,ITT,43.18,100,D,@
2014-03-03 10:35:25,ITT,43.18,100,D,@
2014-03-03 10:35:25,ITT,43.17,100,D,@
2014-03-03 10:35:25,ITT,43.18,100,D,@
2014-03-03 10:35:28,ITT,43.15,100,Z,@
2014-03-03 10:35:31,ITT,43.15,100,N,@
2014-03-03 10:35:33,ITT,43.15,185,Z,F
2014-03-03 10:35:33,ITT,43.15,15,Z,F I
2014-03-03 10:35:34,ITT,43.15,107,Z,F
2014-03-03 10:35:34,ITT,43.15,100,Z,F
2014-03-03 10:35:34,ITT,43.15,85,Z,F I
2014-03-03 10:35:34,ITT,43.15,115,Z,F
2014-03-03 10:35:34,ITT,43.15,100,Z,@
2014-03-03 10:35:34,ITT,43.15,100,D,@
2014-03-03 10:35:36,ITT,43.15,100,Z,@
2014-03-03 10:35:36,ITT,43.15,400,D,@
2014-03-03 10:35:36,ITT,43.15,200,Z,@
2014-03-03 10:35:36,ITT,43.15,100,Z,@
2014-03-03 10:35:36,ITT,43.15,100,D,@
2014-03-03 10:35:40,ITT,43.15,200,Z,F
2014-03-03 10:35:40,ITT,43.15,100,T,@
2014-03-03 10:35:40,ITT,43.15,100,T,@
2014-03-03 10:35:40,ITT,43.15,100,D,@
2014-03-03 10:35:44,ITT,43.15,100,D,@
2014-03-03 10:35:56,ITT,43.16,8,N,I
2014-03-03 10:35:56,ITT,43.16,100,Z,F
2014-03-03 10:35:56,ITT,43.16,100,Z,F
2014-03-03 10:35:56,ITT,43.16,200,P,@
2014-03-03 10:35:56,ITT,43.16,100,Z,@
2014-03-03 10:35:56,ITT,43.16,92,N,I
2014-03-03 10:35:56,ITT,43.16,3,K,I
2014-03-03 10:36:12,ITT,43.18,100,C,@
2014-03-03 10:36:45,ITT,43.16,100,T,@
2014-03-03 10:36:45,ITT,43.16,100,Y,@
2014-03-03 10:36:45,ITT,43.16,100,Z,F
2014-03-03 10:36:45,ITT,43.16,100,Z,F
2014-03-03 10:36:45,ITT,43.16,100,D,@
2014-03-03 10:36:45,ITT,43.16,100,D,@
2014-03-03 10:36:45,ITT,43.16,100,D,@
2014-03-03 10:36:45,ITT,43.16,100,D,@
2014-03-03 10:36:45,ITT,43.16,100,N,@
2014-03-03 10:36:49,ITT,43.16,100,Z,F
2014-03-03 10:36:49,ITT,43.16,100,J,F
2014-03-03 10:36:49,ITT,43.16,100,Z,@
2014-03-03 10:36:51,ITT,43.15,47,D,I
2014-03-03 10:37:12,ITT,43.17,100,P,F
2014-03-03 10:37:12,ITT,43.17,3,P,F I
2014-03-03 10:37:12,ITT,43.17,97,N,F I
2014-03-03 10:37:12,ITT,43.17,3,N,F I
2014-03-03 10:37:12,ITT,43.18,100,T,F
2014-03-03 10:37:12,ITT,43.19,100,Z,F
2014-03-03 10:37:12,ITT,43.16,100,D,@
2014-03-03 10:37:12,ITT,43.19,100,D,@
2014-03-03 10:37:12,ITT,43.2,100,P,F
2014-03-03 10:37:12,ITT,43.2,100,Z,F
2014-03-03 10:37:12,ITT,43.2,100,T,F
2014-03-03 10:37:13,ITT,43.15,119,D,@
2014-03-03 10:37:15,ITT,43.19,100,D,@
2014-03-03 10:37:15,ITT,43.19,100,D,@
2014-03-03 10:37:42,ITT,43.19,100,T,F
2014-03-03 10:37:42,ITT,43.19,100,T,F
2014-03-03 10:37:42,ITT,43.19,100,D,@
2014-03-03 10:37:42,ITT,43.19,100,D,@
2014-03-03 10:37:42,ITT,43.19,100,D,@
2014-03-03 10:37:42,ITT,43.19,100,D,@
2014-03-03 10:37:42,ITT,43.19,100,D,@
2014-03-03 10:37:48,ITT,43.19,3,T,F I
2014-03-03 10:37:48,ITT,43.19,97,T,F I
2014-03-03 10:37:48,ITT,43.19,100,T,F
2014-03-03 10:37:48,ITT,43.19,3,T,F I
2014-03-03 10:37:48,ITT,43.19,100,Z,F
2014-03-03 10:37:48,ITT,43.19,100,Z,@
2014-03-03 10:37:52,ITT,43.19,100,N,F
2014-03-03 10:38:07,ITT,43.21,98,Z,F I
2014-03-03 10:38:07,ITT,43.21,2,Y,F I
2014-03-03 10:38:07,ITT,43.21,100,T,F
2014-03-03 10:38:07,ITT,43.21,2,Z,F I
2014-03-03 10:38:07,ITT,43.21,31,K,I
2014-03-03 10:38:07,ITT,43.21,100,Z,F
2014-03-03 10:38:07,ITT,43.21,200,N,F
2014-03-03 10:38:12,ITT,43.2414,143,D,@
2014-03-03 10:38:13,ITT,43.21,2,B,F I
2014-03-03 10:38:13,ITT,43.21,97,T,F I
2014-03-03 10:38:13,ITT,43.21,98,B,F I
2014-03-03 10:38:13,ITT,43.21,100,B,F
2014-03-03 10:38:13,ITT,43.21,2,Y,F I
2014-03-03 10:38:13,ITT,43.21,98,Y,F I
2014-03-03 10:38:13,ITT,43.21,100,Y,F
2014-03-03 10:38:37,ITT,43.21,100,D,@
2014-03-03 10:38:38,ITT,43.22,100,T,F
2014-03-03 10:38:40,ITT,43.22,100,J,@
2014-03-03 10:38:40,ITT,43.22,100,T,@
2014-03-03 10:38:40,ITT,43.22,75,T,I
2014-03-03 10:38:40,ITT,43.22,100,T,F
2014-03-03 10:39:58,ITT,43.21,200,B,@
2014-03-03 10:39:58,ITT,43.21,100,T,F
2014-03-03 10:39:58,ITT,43.21,2,X,F I
2014-03-03 10:39:58,ITT,43.21,100,B,@
2014-03-03 10:39:58,ITT,43.21,3,P,F I
2014-03-03 10:39:58,ITT,43.21,300,T,F
2014-03-03 10:39:58,ITT,43.21,100,Z,F
2014-03-03 10:39:58,ITT,43.22,100,Z,F
2014-03-03 10:39:58,ITT,43.23,100,T,F
2014-03-03 10:39:58,ITT,43.23,95,Z,F I
2014-03-03 10:39:58,ITT,43.23,5,Z,F I
2014-03-03 10:39:58,ITT,43.21,160,D,@
2014-03-03 10:40:10,ITT,43.21,200,N,@
2014-03-03 10:40:10,ITT,43.22,100,T,@
2014-03-03 10:40:32,ITT,43.24,98,D,I
2014-03-03 10:41:23,ITT,43.24,3,P,F I
2014-03-03 10:41:23,ITT,43.24,92,Z,F I
2014-03-03 10:41:23,ITT,43.24,8,Z,I
2014-03-03 10:41:23,ITT,43.24,100,N,F
2014-03-03 10:41:23,ITT,43.25,8,P,F I
2014-03-03 10:41:23,ITT,43.25,100,Y,@
2014-03-03 10:41:23,ITT,43.25,92,P,F I
2014-03-03 10:41:28,ITT,43.25,98,N,I
2014-03-03 10:41:30,ITT,43.24,50,D,I
2014-03-03 10:41:35,ITT,43.24,100,T,F
2014-03-03 10:41:35,ITT,43.24,100,D,@
2014-03-03 10:41:35,ITT,43.24,100,D,@
2014-03-03 10:41:39,ITT,43.215,100,D,@
2014-03-03 10:41:39,ITT,43.2275,100,D,@
2014-03-03 10:41:42,ITT,43.2,100,N,F
2014-03-03 10:41:42,ITT,43.21,8,Z,F I
2014-03-03 10:41:42,ITT,43.21,100,Z,F
2014-03-03 10:41:42,ITT,43.21,92,Z,I
2014-03-03 10:41:42,ITT,43.21,100,D,@
2014-03-03 10:41:42,ITT,43.21,100,D,@
2014-03-03 10:41:42,ITT,43.21,100,D,@
2014-03-03 10:41:42,ITT,43.21,100,D,@
2014-03-03 10:41:42,ITT,43.21,100,D,@
2014-03-03 10:41:42,ITT,43.21,100,D,@
2014-03-03 10:41:42,ITT,43.21,100,D,@
2014-03-03 10:42:08,ITT,43.2,92,T,F I
2014-03-03 10:42:08,ITT,43.2,8,T,F I
2014-03-03 10:42:09,ITT,43.19,100,J,@
2014-03-03 10:42:46,ITT,43.161,200,D,@
2014-03-03 10:42:46,ITT,43.161,200,D,@
2014-03-03 10:42:46,ITT,43.161,300,D,@
2014-03-03 10:42:47,ITT,43.168,200,D,@
2014-03-03 10:42:47,ITT,43.168,100,D,@
2014-03-03 10:42:51,ITT,43.15,100,Z,F
2014-03-03 10:42:51,ITT,43.15,100,N,F
2014-03-03 10:42:52,ITT,43.15,100,Z,F
2014-03-03 10:42:52,ITT,43.15,200,D,@
2014-03-03 10:43:28,ITT,43.15,100,D,@
2014-03-03 10:44:03,ITT,43.18,200,B,F
2014-03-03 10:44:03,ITT,43.18,100,B,F
2014-03-03 10:44:03,ITT,43.18,92,P,F I
2014-03-03 10:44:03,ITT,43.18,8,P,I
2014-03-03 10:44:03,ITT,43.18,6,P,I
2014-03-03 10:44:03,ITT,43.17,100,N,@
2014-03-03 10:44:03,ITT,43.165,100,Z,F
2014-03-03 10:44:03,ITT,43.18,100,T,F
2014-03-03 10:44:03,ITT,43.17,100,Z,F
2014-03-03 10:44:03,ITT,43.18,100,Z,F
2014-03-03 10:44:03,ITT,43.18,100,Z,F
2014-03-03 10:44:03,ITT,43.18,100,D,F
2014-03-03 10:44:03,ITT,43.165,100,D,@
2014-03-03 10:44:03,ITT,43.19,100,Z,F
2014-03-03 10:44:03,ITT,43.165,100,D,@
2014-03-03 10:44:03,ITT,43.18,100,Z,@
2014-03-03 10:44:03,ITT,43.19,100,T,@
2014-03-03 10:44:03,ITT,43.176,100,D,@
2014-03-03 10:44:50,ITT,43.18,100,T,F
2014-03-03 10:44:50,ITT,43.18,100,Y,@
2014-03-03 10:44:50,ITT,43.17,100,T,F
2014-03-03 10:44:50,ITT,43.17,100,N,F
2014-03-03 10:44:50,ITT,43.18,100,D,@
2014-03-03 10:44:50,ITT,43.18,100,D,@
2014-03-03 10:44:50,ITT,43.18,100,D,@
2014-03-03 10:44:50,ITT,43.18,100,D,@
2014-03-03 10:44:50,ITT,43.18,100,D,@
2014-03-03 10:44:50,ITT,43.18,100,D,@
2014-03-03 10:44:50,ITT,43.17,100,T,@
2014-03-03 10:44:50,ITT,43.18,100,D,@
2014-03-03 10:44:50,ITT,43.18,100,D,@
2014-03-03 10:44:50,ITT,43.18,100,D,@
2014-03-03 10:44:50,ITT,43.18,100,D,F
2014-03-03 10:44:50,ITT,43.165,100,D,@
2014-03-03 10:44:50,ITT,43.18,100,D,@
2014-03-03 10:44:50,ITT,43.18,100,D,@
2014-03-03 10:44:50,ITT,43.18,100,D,@
2014-03-03 10:44:50,ITT,43.17,100,T,F
2014-03-03 10:44:50,ITT,43.17,100,T,@
2014-03-03 10:44:50,ITT,43.17,100,T,@
2014-03-03 10:44:50,ITT,43.17,100,T,@
2014-03-03 10:44:50,ITT,43.17,100,J,@
2014-03-03 10:44:51,ITT,43.18,200,D,@
2014-03-03 10:44:51,ITT,43.18,100,D,@
2014-03-03 10:44:51,ITT,43.18,100,D,@
2014-03-03 10:44:52,ITT,43.16,17,T,F I
2014-03-03 10:44:54,ITT,43.15,200,Z,F
2014-03-03 10:44:54,ITT,43.15,100,T,@
2014-03-03 10:44:54,ITT,43.15,200,Z,F
2014-03-03 10:44:54,ITT,43.15,100,Z,F
2014-03-03 10:44:54,ITT,43.15,200,Z,@
2014-03-03 10:44:54,ITT,43.15,100,Z,@
2014-03-03 10:44:54,ITT,43.15,183,Z,F
2014-03-03 10:44:54,ITT,43.15,100,Z,F
2014-03-03 10:44:54,ITT,43.15,17,Z,F I
2014-03-03 10:44:54,ITT,43.15,183,Z,F
2014-03-03 10:44:54,ITT,43.15,17,Z,F I
2014-03-03 10:44:54,ITT,43.15,183,Z,F
2014-03-03 10:44:54,ITT,43.15,100,T,F
2014-03-03 10:44:54,ITT,43.15,100,D,F
2014-03-03 10:44:54,ITT,43.15,100,T,F
2014-03-03 10:45:02,ITT,43.17,60,N,I
2014-03-03 10:45:02,ITT,43.17,100,D,@
2014-03-03 10:45:10,ITT,43.1602,914,D,@
2014-03-03 10:45:10,ITT,43.15,100,N,@
2014-03-03 10:45:10,ITT,43.15,500,D,@
2014-03-03 10:45:10,ITT,43.15,100,D,@
2014-03-03 10:45:11,ITT,43.15,91,T,F I
2014-03-03 10:45:11,ITT,43.15,183,Z,F
2014-03-03 10:45:11,ITT,43.15,183,Z,@
2014-03-03 10:45:11,ITT,43.15,9,Z,F I
2014-03-03 10:45:12,ITT,43.15,100,Z,F
2014-03-03 10:45:18,ITT,43.1568,476,D,@
2014-03-03 10:45:24,ITT,43.15,200,Z,F
2014-03-03 10:45:30,ITT,43.15,67,Z,F I
2014-03-03 10:45:30,ITT,43.14,100,P,F
2014-03-03 10:45:42,ITT,43.137,100,D,@
2014-03-03 10:45:42,ITT,43.137,100,D,@
2014-03-03 10:45:42,ITT,43.14,500,D,@
2014-03-03 10:45:43,ITT,43.14,51,D,I
2014-03-03 10:45:44,ITT,43.11,51,T,F I
2014-03-03 10:45:44,ITT,43.11,49,B,F I
2014-03-03 10:45:44,ITT,43.11,100,T,F
2014-03-03 10:45:44,ITT,43.11600000000001,300,D,F
2014-03-03 10:45:44,ITT,43.125,100,D,@
2014-03-03 10:45:44,ITT,43.125,100,D,@
2014-03-03 10:45:44,ITT,43.125,200,D,@
2014-03-03 10:45:58,ITT,43.12,100,Z,@
2014-03-03 10:45:58,ITT,43.12,100,J,@
2014-03-03 10:45:58,ITT,43.12,100,Z,@
2014-03-03 10:45:59,ITT,43.14,200,D,@
2014-03-03 10:45:59,ITT,43.13,300,D,@
2014-03-03 10:45:59,ITT,43.14,100,D,@
2014-03-03 10:45:59,ITT,43.14,100,D,@
2014-03-03 10:45:59,ITT,43.14,100,B,F
2014-03-03 10:45:59,ITT,43.14,108,N,F
2014-03-03 10:45:59,ITT,43.138000000000005,100,D,@
2014-03-03 10:45:59,ITT,43.14,100,D,@
2014-03-03 10:46:04,ITT,43.14,12,N,I
2014-03-03 10:46:05,ITT,43.14,16,Z,I
2014-03-03 10:46:09,ITT,43.14,100,D,@
2014-03-03 10:46:09,ITT,43.14,100,D,@
2014-03-03 10:46:09,ITT,43.14,100,D,@
2014-03-03 10:46:09,ITT,43.14,100,D,@
2014-03-03 10:46:30,ITT,43.14,100,B,@
2014-03-03 10:46:32,ITT,43.13,100,D,@
2014-03-03 10:46:33,ITT,43.135,100,D,@
2014-03-03 10:46:41,ITT,43.13,100,D,@
2014-03-03 10:46:51,ITT,43.13,100,D,@
2014-03-03 10:47:50,ITT,43.12,9,D,I
2014-03-03 10:47:54,ITT,43.14,100,D,@
2014-03-03 10:48:06,ITT,43.135,100,D,@
2014-03-03 10:48:07,ITT,43.138999999999996,100,D,@
2014-03-03 10:48:07,ITT,43.14,13,P,F I
2014-03-03 10:48:07,ITT,43.14,100,Z,F
2014-03-03 10:48:07,ITT,43.14,87,P,I
2014-03-03 10:48:07,ITT,43.14,100,B,@
2014-03-03 10:48:07,ITT,43.14,100,T,F
2014-03-03 10:48:07,ITT,43.14,5,P,I
2014-03-03 10:48:07,ITT,43.14,100,T,F
2014-03-03 10:48:07,ITT,43.14,100,K,F
2014-03-03 10:48:07,ITT,43.14,2,P,I
2014-03-03 10:48:07,ITT,43.14,99,K,F I
2014-03-03 10:48:07,ITT,43.14,100,N,@
2014-03-03 10:48:07,ITT,43.14,88,N,I
2014-03-03 10:48:07,ITT,43.16,100,T,F
2014-03-03 10:48:07,ITT,43.16,100,N,F
2014-03-03 10:48:15,ITT,43.15,100,D,@
2014-03-03 10:48:15,ITT,43.15,100,D,@
2014-03-03 10:48:15,ITT,43.15,100,D,@
2014-03-03 10:48:22,ITT,43.16,100,B,F
2014-03-03 10:48:22,ITT,43.16,100,B,F
2014-03-03 10:48:22,ITT,43.16,100,Z,F
2014-03-03 10:48:22,ITT,43.16,100,N,F
2014-03-03 10:48:22,ITT,43.159,100,D,@
2014-03-03 10:48:22,ITT,43.155,100,D,@
2014-03-03 10:48:22,ITT,43.16,100,D,@
2014-03-03 10:48:31,ITT,43.18,200,B,F
2014-03-03 10:48:31,ITT,43.18,100,D,@
2014-03-03 10:48:32,ITT,43.17,100,Y,@
2014-03-03 10:48:32,ITT,43.17,100,T,@
2014-03-03 10:48:32,ITT,43.17,53,P,F I
2014-03-03 10:48:32,ITT,43.17,100,N,@
2014-03-03 10:48:32,ITT,43.17,200,D,@
2014-03-03 10:48:38,ITT,43.17,100,Y,@
2014-03-03 10:48:38,ITT,43.17,100,J,@
2014-03-03 10:48:40,ITT,43.17,100,T,@
2014-03-03 10:48:47,ITT,43.16,100,B,F
2014-03-03 10:49:02,ITT,43.17,29,T,F I
2014-03-03 10:49:07,ITT,43.16,300,D,@
2014-03-03 10:49:40,ITT,43.16,100,B,F
2014-03-03 10:49:40,ITT,43.16,100,T,F
2014-03-03 10:49:40,ITT,43.16,100,N,@
2014-03-03 10:49:40,ITT,43.16,100,D,@
2014-03-03 10:49:40,ITT,43.16,100,D,@
2014-03-03 10:49:49,ITT,43.17,100,P,F
2014-03-03 10:49:49,ITT,43.17,100,Z,F
2014-03-03 10:49:49,ITT,43.17,100,Z,F
2014-03-03 10:49:49,ITT,43.17,100,Z,@
2014-03-03 10:49:49,ITT,43.169,100,D,@
2014-03-03 10:49:49,ITT,43.17,100,D,@
2014-03-03 10:49:49,ITT,43.17,100,D,@
2014-03-03 10:50:34,ITT,43.17,100,X,F
2014-03-03 10:50:34,ITT,43.17,100,Z,F
2014-03-03 10:50:34,ITT,43.17,100,Z,F
2014-03-03 10:50:34,ITT,43.17,100,D,@
2014-03-03 10:50:34,ITT,43.19,100,N,@
2014-03-03 10:51:22,ITT,43.2,100,P,@
2014-03-03 10:51:52,ITT,43.22,100,J,F
2014-03-03 10:52:04,ITT,43.23,100,Z,@
2014-03-03 10:52:04,ITT,43.23,100,Y,F
2014-03-03 10:52:04,ITT,43.23,100,T,F
2014-03-03 10:52:04,ITT,43.22,100,J,F
2014-03-03 10:52:04,ITT,43.22,100,N,F
2014-03-03 10:52:04,ITT,43.23,100,D,@
2014-03-03 10:52:04,ITT,43.23,100,D,@
2014-03-03 10:52:04,ITT,43.23,100,D,@
2014-03-03 10:52:04,ITT,43.23,100,D,@
2014-03-03 10:52:04,ITT,43.23,100,D,@
2014-03-03 10:52:04,ITT,43.23,100,D,@
2014-03-03 10:52:09,ITT,43.2,100,D,F
2014-03-03 10:52:10,ITT,43.2,100,P,F
2014-03-03 10:52:10,ITT,43.2,100,T,F
2014-03-03 10:52:10,ITT,43.21,100,Y,@
2014-03-03 10:52:10,ITT,43.2,100,T,F
2014-03-03 10:52:15,ITT,43.1801,100,D,@
2014-03-03 10:52:19,ITT,43.2,100,B,@
2014-03-03 10:52:46,ITT,43.18,74,J,F I
2014-03-03 10:53:07,ITT,43.1996,190,D,@
2014-03-03 10:53:11,ITT,43.2,21,B,F I
2014-03-03 10:53:20,ITT,43.2,11,Z,I
2014-03-03 10:53:32,ITT,43.19,100,D,@
2014-03-03 10:53:41,ITT,43.18,71,P,F I
2014-03-03 10:53:41,ITT,43.18,100,Z,F
2014-03-03 10:53:41,ITT,43.18,29,Z,F I
2014-03-03 10:53:41,ITT,43.18,71,Z,F I
2014-03-03 10:53:41,ITT,43.18,100,T,F
2014-03-03 10:53:41,ITT,43.18,30,T,F I
2014-03-03 10:53:41,ITT,43.18,200,N,F
2014-03-03 10:53:41,ITT,43.17,100,P,F
2014-03-03 10:53:41,ITT,43.16,71,T,F I
2014-03-03 10:53:41,ITT,43.16,28,T,F I
2014-03-03 10:53:41,ITT,43.16,15,T,F I
2014-03-03 10:53:41,ITT,43.17,100,T,F
2014-03-03 10:53:43,ITT,43.16,12,B,F I
2014-03-03 10:53:43,ITT,43.16,14,B,F I
2014-03-03 10:53:43,ITT,43.16,14,B,F I
2014-03-03 10:53:43,ITT,43.16,12,B,F I
2014-03-03 10:53:43,ITT,43.16,15,P,F I
2014-03-03 10:53:43,ITT,43.16,100,N,F
2014-03-03 10:53:43,ITT,43.15,100,D,@
2014-03-03 10:53:43,ITT,43.15,100,D,@
2014-03-03 10:53:43,ITT,43.15,100,D,@
2014-03-03 10:53:55,ITT,43.16,15,P,F I
2014-03-03 10:53:55,ITT,43.16,13,P,F I
2014-03-03 10:54:15,ITT,43.16,13,P,F I
2014-03-03 10:54:15,ITT,43.16,12,P,F I
2014-03-03 10:54:15,ITT,43.16,12,P,F I
2014-03-03 10:54:21,ITT,43.16,62,N,I
2014-03-03 10:54:21,ITT,43.16,20,P,I
2014-03-03 10:54:21,ITT,43.14,100,N,@
2014-03-03 10:54:21,ITT,43.14,18,Z,I
2014-03-03 10:54:21,ITT,43.148,100,D,@
2014-03-03 10:54:21,ITT,43.147,100,D,@
2014-03-03 10:54:26,ITT,43.135,100,D,@
2014-03-03 10:55:02,ITT,43.15,100,B,F
2014-03-03 10:55:02,ITT,43.15,100,T,F
2014-03-03 10:55:02,ITT,43.15,100,P,F
2014-03-03 10:55:02,ITT,43.15,3,J,I
2014-03-03 10:55:02,ITT,43.15,100,N,@
2014-03-03 10:55:02,ITT,43.15,5,J,I
2014-03-03 10:55:02,ITT,43.17,200,N,F
2014-03-03 10:55:02,ITT,43.16,100,T,F
2014-03-03 10:55:02,ITT,43.17,100,T,F
2014-03-03 10:55:02,ITT,43.17,100,T,F
2014-03-03 10:55:02,ITT,43.17,100,Z,F
2014-03-03 10:55:02,ITT,43.17,100,Z,F
2014-03-03 10:55:02,ITT,43.18,100,Z,F
2014-03-03 10:55:02,ITT,43.15,100,D,@
2014-03-03 10:55:03,ITT,43.17,100,D,@
2014-03-03 10:55:03,ITT,43.17,100,D,@
2014-03-03 10:55:17,ITT,43.15,1,D,I
2014-03-03 10:55:51,ITT,43.18,100,P,F
2014-03-03 10:56:26,ITT,43.156000000000006,100,D,@
2014-03-03 10:57:15,ITT,43.18,1,D,I
2014-03-03 10:57:23,ITT,43.18,100,P,@
2014-03-03 10:57:23,ITT,43.18,3,P,I
2014-03-03 10:57:23,ITT,43.18,2,P,I
2014-03-03 10:57:23,ITT,43.18,100,Z,@
2014-03-03 10:57:23,ITT,43.18,200,N,@
2014-03-03 10:57:23,ITT,43.18,100,T,F
2014-03-03 10:57:23,ITT,43.19,100,T,@
2014-03-03 10:57:23,ITT,43.18,100,K,@
2014-03-03 10:57:23,ITT,43.18,100,J,@
2014-03-03 10:57:23,ITT,43.1675,100,D,@
2014-03-03 10:57:23,ITT,43.18,100,D,@
2014-03-03 10:57:29,ITT,43.195,100,D,@
2014-03-03 10:57:30,ITT,43.195,100,D,@
2014-03-03 10:57:56,ITT,43.2,200,B,F
2014-03-03 10:57:56,ITT,43.19,200,D,@
2014-03-03 10:57:56,ITT,43.19,100,T,@
2014-03-03 10:58:01,ITT,43.19,100,D,@
2014-03-03 10:58:11,ITT,43.2,100,Z,@
2014-03-03 10:58:11,ITT,43.2,99,T,I
2014-03-03 10:58:11,ITT,43.2,1,T,F I
2014-03-03 10:58:11,ITT,43.2,2,Z,F I
2014-03-03 10:58:13,ITT,43.22,16,N,I
2014-03-03 10:58:24,ITT,43.22,29,B,F I
2014-03-03 10:58:44,ITT,43.2,100,B,@
2014-03-03 10:58:44,ITT,43.2,100,T,F
2014-03-03 10:58:44,ITT,43.2,200,Z,F
2014-03-03 10:58:44,ITT,43.2,100,N,@
2014-03-03 10:58:44,ITT,43.2,100,D,@
2014-03-03 10:58:44,ITT,43.19,100,P,F
2014-03-03 10:58:44,ITT,43.2,100,D,@
2014-03-03 10:58:44,ITT,43.2,100,D,@
2014-03-03 10:58:44,ITT,43.185,100,D,@
2014-03-03 10:58:44,ITT,43.2,100,D,@
2014-03-03 10:58:44,ITT,43.19,100,N,@
2014-03-03 10:58:46,ITT,43.19,100,J,F
2014-03-03 10:58:46,ITT,43.19,100,N,F
2014-03-03 10:58:46,ITT,43.19,100,N,@
2014-03-03 10:59:18,ITT,43.2,28,B,I
2014-03-03 10:59:39,ITT,43.2,172,B,F
2014-03-03 11:00:31,ITT,43.19,37,D,I
2014-03-03 11:00:38,ITT,43.19,200,N,@
2014-03-03 11:00:38,ITT,43.19,12,T,F I
2014-03-03 11:00:42,ITT,43.19,50,T,F I
2014-03-03 11:00:42,ITT,43.188,100,D,F
2014-03-03 11:00:42,ITT,43.19,38,T,F I
2014-03-03 11:01:18,ITT,43.17,12,T,F I
2014-03-03 11:01:18,ITT,43.17,88,T,F I
2014-03-03 11:01:18,ITT,43.17,23,N,F I
2014-03-03 11:01:18,ITT,43.17,84,N,F I
2014-03-03 11:01:18,ITT,43.15,20,Z,F I
2014-03-03 11:01:18,ITT,43.15,13,Z,F I
2014-03-03 11:01:18,ITT,43.15,13,Z,F I
2014-03-03 11:01:21,ITT,43.18,8,B,I
2014-03-03 11:01:29,ITT,43.15,200,N,@
2014-03-03 11:01:29,ITT,43.15,100,P,F
2014-03-03 11:01:29,ITT,43.16,100,T,F
2014-03-03 11:01:29,ITT,43.16,100,P,F
2014-03-03 11:01:29,ITT,43.15,100,D,@
2014-03-03 11:01:29,ITT,43.15,100,D,@
2014-03-03 11:01:29,ITT,43.16,4,P,F I
2014-03-03 11:01:29,ITT,43.16,2,P,F I
2014-03-03 11:01:43,ITT,43.14,100,D,@
2014-03-03 11:01:47,ITT,43.14,77,P,F I
2014-03-03 11:01:47,ITT,43.14,1,P,F I
2014-03-03 11:01:47,ITT,43.15,100,D,@
2014-03-03 11:01:47,ITT,43.14,31,P,F I
2014-03-03 11:01:49,ITT,43.14,91,P,I
2014-03-03 11:01:49,ITT,43.15,100,D,@
2014-03-03 11:01:49,ITT,43.15,100,D,@
2014-03-03 11:02:11,ITT,43.145,100,D,@
2014-03-03 11:02:11,ITT,43.148999999999994,100,D,@
2014-03-03 11:02:17,ITT,43.16,200,B,F
2014-03-03 11:02:17,ITT,43.16,100,P,F
2014-03-03 11:02:17,ITT,43.16,100,Z,F
2014-03-03 11:02:17,ITT,43.16,2,P,F I
2014-03-03 11:02:17,ITT,43.16,100,T,F
2014-03-03 11:02:17,ITT,43.16,100,D,@
2014-03-03 11:02:17,ITT,43.16,100,D,@
2014-03-03 11:02:17,ITT,43.16,100,P,F
2014-03-03 11:02:18,ITT,43.18,100,D,@
2014-03-03 11:02:18,ITT,43.19,100,B,F
2014-03-03 11:02:48,ITT,43.2,100,D,@
2014-03-03 11:02:52,ITT,43.19,100,D,@
2014-03-03 11:02:53,ITT,43.2,100,Y,@
2014-03-03 11:03:09,ITT,43.2,10,B,F I
2014-03-03 11:03:13,ITT,43.2,18,N,I
2014-03-03 11:03:40,ITT,43.18,100,J,@
2014-03-03 11:03:40,ITT,43.18,100,N,@
2014-03-03 11:03:40,ITT,43.18,300,D,@
2014-03-03 11:03:58,ITT,43.18,100,B,@
2014-03-03 11:04:16,ITT,43.16,100,T,F
2014-03-03 11:04:21,ITT,43.15,100,P,F
2014-03-03 11:04:21,ITT,43.17,100,N,F
2014-03-03 11:04:26,ITT,43.1403,100,D,@
2014-03-03 11:05:05,ITT,43.14,12,T,F I
2014-03-03 11:05:05,ITT,43.14,100,P,F
2014-03-03 11:05:05,ITT,43.14,88,T,F I
2014-03-03 11:05:05,ITT,43.13,12,P,F I
2014-03-03 11:05:05,ITT,43.16,100,T,F
2014-03-03 11:05:05,ITT,43.15,100,D,@
2014-03-03 11:05:06,ITT,43.13,25,P,F I
2014-03-03 11:05:06,ITT,43.13,18,P,F I
2014-03-03 11:05:07,ITT,43.15,100,D,@
2014-03-03 11:05:07,ITT,43.15,100,N,F
2014-03-03 11:05:07,ITT,43.15,100,T,@
2014-03-03 11:05:07,ITT,43.15,5,P,I
2014-03-03 11:05:07,ITT,43.15,100,D,@
2014-03-03 11:05:42,ITT,43.14,12,N,F I
2014-03-03 11:05:42,ITT,43.14,88,N,F I
2014-03-03 11:05:42,ITT,43.14,100,P,F
2014-03-03 11:05:42,ITT,43.13,45,P,F I
2014-03-03 11:05:46,ITT,43.13399999999999,100,D,F
2014-03-03 11:05:48,ITT,43.13399999999999,100,D,F
2014-03-03 11:05:51,ITT,43.13,67,J,F I
2014-03-03 11:06:09,ITT,43.13,100,N,@
2014-03-03 11:06:20,ITT,43.13,9,N,F I
2014-03-03 11:06:20,ITT,43.12,100,N,F
2014-03-03 11:06:20,ITT,43.12,1,P,F I
2014-03-03 11:06:20,ITT,43.12,99,P,F I
2014-03-03 11:06:20,ITT,43.12,9,B,F I
2014-03-03 11:06:20,ITT,43.13,100,K,@
2014-03-03 11:06:20,ITT,43.13,33,J,I
2014-03-03 11:06:20,ITT,43.14,100,B,F
2014-03-03 11:06:25,ITT,43.1,9,D,I
2014-03-03 11:06:43,ITT,43.1,100,D,@
2014-03-03 11:06:43,ITT,43.1,100,T,@
2014-03-03 11:06:43,ITT,43.1,3,B,I
2014-03-03 11:06:43,ITT,43.09,100,P,@
2014-03-03 11:06:45,ITT,43.07,100,Y,@
2014-03-03 11:06:45,ITT,43.07,100,B,@
2014-03-03 11:06:45,ITT,43.07,200,T,@
2014-03-03 11:06:45,ITT,43.07,200,D,@
2014-03-03 11:06:49,ITT,43.07,5,B,F I
2014-03-03 11:06:49,ITT,43.06,95,B,F I
2014-03-03 11:06:53,ITT,43.05,100,N,F
2014-03-03 11:07:05,ITT,43.0401,1652,D,@
2014-03-03 11:07:05,ITT,43.09,100,D,@
2014-03-03 11:07:08,ITT,43.04,100,Y,F
2014-03-03 11:07:09,ITT,43.03,200,N,F
2014-03-03 11:07:09,ITT,43.07,2,J,I
2014-03-03 11:07:26,ITT,43.05,1,B,F I
2014-03-03 11:07:27,ITT,43.04,14,B,F I
2014-03-03 11:07:32,ITT,43.03,39,P,F I
2014-03-03 11:07:32,ITT,43.03,10,Z,F I
2014-03-03 11:07:32,ITT,43.03,17,Z,F I
2014-03-03 11:07:32,ITT,43.03,2,B,F I
2014-03-03 11:07:37,ITT,43.03,2,N,I
2014-03-03 11:07:37,ITT,43.03,61,P,I
2014-03-03 11:07:38,ITT,43.01,37,D,I
2014-03-03 11:07:38,ITT,43.01,125,D,@
2014-03-03 11:07:38,ITT,43.01,1,B,F I
2014-03-03 11:07:38,ITT,43.01,21,T,F I
2014-03-03 11:07:40,ITT,43.01,14,T,F I
2014-03-03 11:07:40,ITT,43.01,14,T,F I
2014-03-03 11:07:52,ITT,43.01,16,T,F I
2014-03-03 11:07:52,ITT,43.01,100,D,@
2014-03-03 11:07:52,ITT,43.0,200,K,@
2014-03-03 11:07:52,ITT,43.01,200,N,@
2014-03-03 11:07:52,ITT,43.0,70,P,I
2014-03-03 11:07:52,ITT,43.0,1000,K,@
2014-03-03 11:07:52,ITT,43.0,200,N,@
2014-03-03 11:07:52,ITT,43.0,100,T,@
2014-03-03 11:07:52,ITT,43.0,1,B,I
2014-03-03 11:07:52,ITT,43.0,100,T,F
2014-03-03 11:07:52,ITT,43.0,2,J,I
2014-03-03 11:07:52,ITT,42.9999,8,D,I
2014-03-03 11:07:52,ITT,42.9975,100,D,@
2014-03-03 11:07:52,ITT,43.0,100,D,@
2014-03-03 11:07:52,ITT,42.99,12,B,F I
2014-03-03 11:07:52,ITT,42.99,16,T,F I
2014-03-03 11:07:54,ITT,42.99,4,B,F I
2014-03-03 11:07:54,ITT,42.99,8,T,F I
2014-03-03 11:07:54,ITT,42.99,14,T,F I
2014-03-03 11:08:28,ITT,43.0651,23,D,4 I
2014-03-03 11:08:42,ITT,43.01,100,B,F
2014-03-03 11:08:42,ITT,43.01,200,Y,F
2014-03-03 11:08:42,ITT,43.01,2,P,F I
2014-03-03 11:08:42,ITT,43.01,100,J,F
2014-03-03 11:08:42,ITT,43.01,100,J,@
2014-03-03 11:08:42,ITT,43.01,100,N,F
2014-03-03 11:08:42,ITT,43.02,98,T,F I
2014-03-03 11:08:42,ITT,43.02,2,T,F I
2014-03-03 11:08:42,ITT,43.02,100,K,F
2014-03-03 11:08:42,ITT,43.02,100,Z,F
2014-03-03 11:08:42,ITT,43.02,100,D,@
2014-03-03 11:08:42,ITT,43.0,100,D,@
2014-03-03 11:08:42,ITT,43.02,100,Z,F
2014-03-03 11:08:42,ITT,43.02,100,K,F
2014-03-03 11:08:42,ITT,43.02,100,T,@
2014-03-03 11:08:42,ITT,43.0,100,D,@
2014-03-03 11:08:42,ITT,43.01,100,D,@
2014-03-03 11:08:42,ITT,43.01,100,D,@
2014-03-03 11:08:42,ITT,43.02,100,D,@
2014-03-03 11:08:42,ITT,43.0,53,D,I
2014-03-03 11:09:09,ITT,43.005,100,D,@
2014-03-03 11:09:27,ITT,42.99,101,D,@
2014-03-03 11:09:30,ITT,43.0,14,B,F I
2014-03-03 11:09:36,ITT,43.01,100,K,@
2014-03-03 11:09:36,ITT,43.01,100,T,@
2014-03-03 11:09:36,ITT,43.0,100,N,@
2014-03-03 11:09:39,ITT,42.99,14,T,F I
2014-03-03 11:09:39,ITT,42.99,1,B,F I
2014-03-03 11:09:39,ITT,42.99,2,B,F I
2014-03-03 11:09:39,ITT,42.99,100,P,@
2014-03-03 11:10:02,ITT,42.99,7,T,F I
2014-03-03 11:10:02,ITT,42.98,1,B,F I
2014-03-03 11:10:02,ITT,42.98,89,T,F I
2014-03-03 11:10:02,ITT,42.98,11,T,F I
2014-03-03 11:10:02,ITT,42.98,100,N,@
2014-03-03 11:10:02,ITT,42.98,218,D,@
2014-03-03 11:10:02,ITT,42.98,200,D,@
2014-03-03 11:10:03,ITT,42.97,9,T,F I
2014-03-03 11:10:03,ITT,42.97,5,B,F I
2014-03-03 11:10:03,ITT,42.97,13,T,F I
2014-03-03 11:10:03,ITT,42.97,100,D,@
2014-03-03 11:10:04,ITT,42.97,1,B,F I
2014-03-03 11:10:04,ITT,42.97,12,T,F I
2014-03-03 11:10:04,ITT,42.97,88,T,F I
2014-03-03 11:10:04,ITT,42.97,100,D,@
2014-03-03 11:10:08,ITT,42.96,1,B,F I
2014-03-03 11:10:09,ITT,42.95,14,Z,F I
2014-03-03 11:10:20,ITT,42.96,27,Z,F I
2014-03-03 11:10:20,ITT,42.96,92,P,F I
2014-03-03 11:10:20,ITT,42.96,14,Z,F I
2014-03-03 11:10:20,ITT,42.96,8,P,F I
2014-03-03 11:10:20,ITT,42.96,100,P,F
2014-03-03 11:10:20,ITT,42.96,59,Z,F I
2014-03-03 11:10:20,ITT,42.95,11,P,F I
2014-03-03 11:10:20,ITT,42.95,1,B,F I
2014-03-03 11:10:20,ITT,42.95,14,P,F I
2014-03-03 11:10:21,ITT,42.95,37,D,I
2014-03-03 11:10:21,ITT,42.95,175,P,F
2014-03-03 11:10:21,ITT,42.95,100,T,F
2014-03-03 11:10:26,ITT,42.93,100,N,F
2014-03-03 11:10:33,ITT,42.96,100,Y,@
2014-03-03 11:10:33,ITT,42.96,100,T,F
2014-03-03 11:11:05,ITT,42.945,100,D,@
2014-03-03 11:11:43,ITT,42.96,100,Y,@
2014-03-03 11:11:43,ITT,42.96,6,P,I
2014-03-03 11:11:56,ITT,42.9501,100,D,@
2014-03-03 11:12:47,ITT,42.95,100,D,@
2014-03-03 11:13:05,ITT,42.965,100,D,@
2014-03-03 11:13:05,ITT,42.965,100,D,@
2014-03-03 11:13:05,ITT,42.98,2,P,F I
2014-03-03 11:13:05,ITT,42.98,63,P,F I
2014-03-03 11:13:05,ITT,42.98,37,P,F I
2014-03-03 11:13:05,ITT,42.98,67,T,F I
2014-03-03 11:13:05,ITT,42.98,33,T,F I
2014-03-03 11:13:05,ITT,42.98,65,K,F I
2014-03-03 11:13:05,ITT,42.98,35,K,I
2014-03-03 11:13:05,ITT,42.98,200,N,@
2014-03-03 11:13:05,ITT,42.98,100,N,F
2014-03-03 11:13:05,ITT,42.99,98,N,F I
2014-03-03 11:13:05,ITT,42.965,100,D,@
2014-03-03 11:13:05,ITT,42.99,2,N,F I
2014-03-03 11:13:06,ITT,43.0,8,K,I
2014-03-03 11:13:10,ITT,43.0,200,K,F
2014-03-03 11:13:10,ITT,43.0,12,K,I
2014-03-03 11:13:24,ITT,43.04,14,Z,I
2014-03-03 11:13:26,ITT,43.04,26,Z,I
2014-03-03 11:13:31,ITT,43.02,100,T,@
2014-03-03 11:13:31,ITT,43.02,100,T,F
2014-03-03 11:13:31,ITT,43.02,100,T,F
2014-03-03 11:13:31,ITT,43.01,100,B,@
2014-03-03 11:13:31,ITT,43.02,100,K,@
2014-03-03 11:13:31,ITT,43.02,100,K,@
2014-03-03 11:13:37,ITT,43.025,100,D,@
2014-03-03 11:13:40,ITT,43.04,20,T,F I
2014-03-03 11:13:40,ITT,43.04,80,T,F I
2014-03-03 11:13:40,ITT,43.04,2,P,I
2014-03-03 11:13:40,ITT,43.025,100,D,@
2014-03-03 11:14:27,ITT,43.0899,50,D,I
2014-03-03 11:15:03,ITT,43.06,300,N,@
2014-03-03 11:15:03,ITT,43.06,100,T,@
2014-03-03 11:15:03,ITT,43.06,100,T,@
2014-03-03 11:15:03,ITT,43.06,100,Z,F
2014-03-03 11:15:03,ITT,43.06,100,D,@
2014-03-03 11:15:03,ITT,43.06,100,D,@
2014-03-03 11:15:03,ITT,43.06,100,D,@
2014-03-03 11:15:03,ITT,43.06,100,D,@
2014-03-03 11:15:03,ITT,43.06,100,D,@
2014-03-03 11:15:03,ITT,43.06,100,D,@
2014-03-03 11:15:03,ITT,43.06,100,D,@
2014-03-03 11:15:03,ITT,43.06,100,D,@
2014-03-03 11:15:16,ITT,43.06,100,D,@
2014-03-03 11:15:43,ITT,43.08,7,D,I
2014-03-03 11:16:10,ITT,43.06,100,T,@
2014-03-03 11:16:10,ITT,43.07,100,N,@
2014-03-03 11:16:10,ITT,43.06,100,N,@
2014-03-03 11:16:10,ITT,43.06,300,D,@
2014-03-03 11:16:30,ITT,43.05,89,K,F I
2014-03-03 11:16:30,ITT,43.05,100,T,F
2014-03-03 11:16:30,ITT,43.05,80,N,F I
2014-03-03 11:16:30,ITT,43.05,177,N,F
2014-03-03 11:16:30,ITT,43.05,100,N,F
2014-03-03 11:16:30,ITT,43.04,1,B,F I
2014-03-03 11:16:30,ITT,43.04,13,N,F I
2014-03-03 11:16:30,ITT,43.04,16,N,F I
2014-03-03 11:16:30,ITT,43.05,11,D,I
2014-03-03 11:17:00,ITT,43.03,7,D,I
2014-03-03 11:17:22,ITT,43.04,12,T,F I
2014-03-03 11:17:22,ITT,43.04,59,T,F I
2014-03-03 11:17:22,ITT,43.04,41,P,F I
2014-03-03 11:17:22,ITT,43.04,59,P,F I
2014-03-03 11:17:22,ITT,43.03,100,T,@
2014-03-03 11:17:22,ITT,43.025,100,D,@
2014-03-03 11:17:23,ITT,43.03,100,D,@
2014-03-03 11:17:23,ITT,43.02,12,T,F I
2014-03-03 11:17:24,ITT,43.02,14,T,F I
2014-03-03 11:17:24,ITT,43.02,100,N,F
2014-03-03 11:17:24,ITT,43.02,12,T,F I
2014-03-03 11:17:24,ITT,43.02,62,T,F I
2014-03-03 11:17:24,ITT,43.01,14,P,F I
2014-03-03 11:17:24,ITT,43.02,100,N,F
2014-03-03 11:17:36,ITT,43.01,100,D,@
2014-03-03 11:18:14,ITT,43.03,11,N,I
2014-03-03 11:18:15,ITT,43.03,19,N,I
2014-03-03 11:18:23,ITT,43.01,100,D,@
2014-03-03 11:18:31,ITT,43.03,76,T,F I
2014-03-03 11:18:31,ITT,43.03,24,T,F I
2014-03-03 11:18:31,ITT,43.03,2,P,I
2014-03-03 11:18:31,ITT,43.03,100,T,F
2014-03-03 11:18:31,ITT,43.03,200,T,F
2014-03-03 11:18:31,ITT,43.03,100,N,F
2014-03-03 11:18:31,ITT,43.03,70,N,I
2014-03-03 11:18:31,ITT,43.04,59,T,F I
2014-03-03 11:18:31,ITT,43.04,100,K,F
2014-03-03 11:18:31,ITT,43.02,100,D,@
2014-03-03 11:18:31,ITT,43.02,100,D,@
2014-03-03 11:18:31,ITT,43.025,100,D,@
2014-03-03 11:19:10,ITT,43.04,100,D,@
2014-03-03 11:19:24,ITT,43.03,14,T,F I
2014-03-03 11:19:25,ITT,43.05,2,P,I
2014-03-03 11:19:25,ITT,43.05,100,T,@
2014-03-03 11:19:25,ITT,43.05,98,K,I
2014-03-03 11:19:25,ITT,43.05,100,T,F
2014-03-03 11:19:25,ITT,43.05,100,N,F
2014-03-03 11:19:45,ITT,43.06,162,Z,F
2014-03-03 11:19:45,ITT,43.07,62,Y,F I
2014-03-03 11:19:45,ITT,43.06,138,Z,F
2014-03-03 11:19:48,ITT,43.06,2,K,I
2014-03-03 11:19:50,ITT,43.08,18,D,I
2014-03-03 11:20:11,ITT,43.08,2,P,F I
2014-03-03 11:20:11,ITT,43.08,100,Y,F
2014-03-03 11:20:11,ITT,43.07,100,D,@
2014-03-03 11:20:33,ITT,43.08,34,J,F I
2014-03-03 11:20:33,ITT,43.08,12,T,F I
2014-03-03 11:20:33,ITT,43.08,12,T,F I
2014-03-03 11:20:34,ITT,43.08,14,T,F I
2014-03-03 11:20:34,ITT,43.08,100,P,@
2014-03-03 11:20:34,ITT,43.08,62,T,F I
2014-03-03 11:20:34,ITT,43.08,100,N,@
2014-03-03 11:20:34,ITT,43.08,66,J,I
2014-03-03 11:20:34,ITT,43.08,100,N,F
2014-03-03 11:20:34,ITT,43.08,100,D,@
2014-03-03 11:20:34,ITT,43.08,100,D,@
2014-03-03 11:20:34,ITT,43.08,100,D,@
2014-03-03 11:20:34,ITT,43.08,100,D,@
2014-03-03 11:20:34,ITT,43.06,23,Y,F I
2014-03-03 11:20:34,ITT,43.06,15,Y,F I
2014-03-03 11:20:34,ITT,43.08,100,D,@
2014-03-03 11:20:34,ITT,43.08,100,D,@
2014-03-03 11:20:34,ITT,43.08,100,D,@
2014-03-03 11:20:34,ITT,43.07,100,C,F
2014-03-03 11:20:35,ITT,43.06,13,Y,F I
2014-03-03 11:20:36,ITT,43.06,27,T,F I
2014-03-03 11:20:36,ITT,43.06,12,T,F I
2014-03-03 11:20:36,ITT,43.06,12,T,F I
2014-03-03 11:20:36,ITT,43.06,14,T,F I
2014-03-03 11:20:36,ITT,43.06,21,T,F I
2014-03-03 11:20:36,ITT,43.07,65,J,I
2014-03-03 11:20:36,ITT,43.06,3,N,F I
2014-03-03 11:20:36,ITT,43.06,81,N,F I
2014-03-03 11:20:36,ITT,43.06,102,N,F
2014-03-03 11:20:36,ITT,43.05,38,T,F I
2014-03-03 11:20:36,ITT,43.06,86,N,F I
2014-03-03 11:20:36,ITT,43.06,35,T,F I
2014-03-03 11:20:36,ITT,43.06,65,T,I
2014-03-03 11:20:36,ITT,43.06,12,T,F I
2014-03-03 11:20:36,ITT,43.055,100,D,@
2014-03-03 11:20:37,ITT,43.06,98,T,F I
2014-03-03 11:20:46,ITT,43.07,100,D,@
2014-03-03 11:21:00,ITT,43.05,26,D,I
2014-03-03 11:21:47,ITT,43.068999999999996,46,D,I
2014-03-03 11:21:48,ITT,43.05,50,D,I
2014-03-03 11:22:33,ITT,43.07,2,P,F I
2014-03-03 11:22:33,ITT,43.07,100,Y,F
2014-03-03 11:22:33,ITT,43.07,100,Y,F
2014-03-03 11:22:33,ITT,43.07,2,P,F I
2014-03-03 11:22:33,ITT,43.07,300,K,F
2014-03-03 11:22:33,ITT,43.07,100,T,F
2014-03-03 11:22:33,ITT,43.07,100,T,F
2014-03-03 11:22:33,ITT,43.07,100,T,F
2014-03-03 11:22:33,ITT,43.07,100,N,@
2014-03-03 11:22:33,ITT,43.065,100,D,@
2014-03-03 11:22:50,ITT,43.07,100,T,@
2014-03-03 11:22:50,ITT,43.07,100,T,@
2014-03-03 11:22:50,ITT,43.07,100,Y,F
2014-03-03 11:22:50,ITT,43.07,100,N,F
2014-03-03 11:22:50,ITT,43.07,100,D,@
2014-03-03 11:23:12,ITT,43.07,28,Z,I
2014-03-03 11:23:16,ITT,43.07,2,P,I
2014-03-03 11:23:16,ITT,43.07,1,P,I
2014-03-03 11:23:16,ITT,43.07,1,P,I
2014-03-03 11:23:16,ITT,43.08,100,T,F
2014-03-03 11:23:16,ITT,43.08,100,T,@
2014-03-03 11:23:16,ITT,43.07,100,D,@
2014-03-03 11:23:16,ITT,43.07,100,D,@
2014-03-03 11:23:23,ITT,43.09,15,T,F I
2014-03-03 11:23:23,ITT,43.09,85,T,I
2014-03-03 11:23:56,ITT,43.1,19,J,I
2014-03-03 11:23:59,ITT,43.1,100,T,F
2014-03-03 11:23:59,ITT,43.09,100,D,@
2014-03-03 11:24:06,ITT,43.11,100,T,F
2014-03-03 11:25:10,ITT,43.11,11,Y,F I
2014-03-03 11:25:10,ITT,43.11,89,T,F I
2014-03-03 11:25:10,ITT,43.11,11,T,I
2014-03-03 11:25:10,ITT,43.11,100,N,@
2014-03-03 11:25:10,ITT,43.11,100,D,@
2014-03-03 11:25:10,ITT,43.11,100,D,@
2014-03-03 11:25:10,ITT,43.1,100,N,F
2014-03-03 11:25:59,ITT,43.12,6,D,I
2014-03-03 11:26:25,ITT,43.11,100,D,@
2014-03-03 11:26:32,ITT,43.11,100,D,@
2014-03-03 11:26:33,ITT,43.11,100,T,F
2014-03-03 11:26:33,ITT,43.11,100,T,F
2014-03-03 11:26:33,ITT,43.11,100,T,F
2014-03-03 11:26:33,ITT,43.11,100,N,@
2014-03-03 11:26:33,ITT,43.1,100,P,@
2014-03-03 11:26:33,ITT,43.1,100,P,F
2014-03-03 11:26:50,ITT,43.09,7,D,I
2014-03-03 11:27:14,ITT,43.09,16,T,F I
2014-03-03 11:27:14,ITT,43.09,21,T,F I
2014-03-03 11:27:14,ITT,43.09,100,N,F
2014-03-03 11:27:14,ITT,43.09,100,T,F
2014-03-03 11:27:14,ITT,43.09,100,T,F
2014-03-03 11:27:14,ITT,43.08,79,T,F I
2014-03-03 11:27:14,ITT,43.08,121,T,F
2014-03-03 11:27:14,ITT,43.08,79,P,F I
2014-03-03 11:27:14,ITT,43.08,21,P,F I
2014-03-03 11:27:14,ITT,43.08,81,J,I
2014-03-03 11:27:14,ITT,43.08,100,D,@
2014-03-03 11:27:14,ITT,43.08,19,T,F I
2014-03-03 11:27:43,ITT,43.08,3,P,I
2014-03-03 11:27:43,ITT,43.08,100,T,F
2014-03-03 11:27:43,ITT,43.08,100,T,F
2014-03-03 11:27:43,ITT,43.08,100,T,@
2014-03-03 11:27:43,ITT,43.08,100,Z,F
2014-03-03 11:27:43,ITT,43.07,100,D,@
2014-03-03 11:27:43,ITT,43.07,100,D,@
2014-03-03 11:28:07,ITT,43.06,15,Z,F I
2014-03-03 11:28:07,ITT,43.06,100,P,@
2014-03-03 11:28:07,ITT,43.06,5,Z,F I
2014-03-03 11:28:07,ITT,43.06,12,Z,F I
2014-03-03 11:28:07,ITT,43.06,100,T,F
2014-03-03 11:28:07,ITT,43.06,79,T,F I
2014-03-03 11:28:07,ITT,43.06,21,T,F I
2014-03-03 11:28:07,ITT,43.05,62,T,F I
2014-03-03 11:28:07,ITT,43.06,100,D,@
2014-03-03 11:28:07,ITT,43.06,100,D,@
2014-03-03 11:28:07,ITT,43.05,90,J,F I
2014-03-03 11:28:08,ITT,43.05,12,N,F I
2014-03-03 11:28:08,ITT,43.05,88,N,F I
2014-03-03 11:28:08,ITT,43.045,100,D,@
2014-03-03 11:28:09,ITT,43.05,100,D,@
2014-03-03 11:28:12,ITT,43.035,100,D,@
2014-03-03 11:28:12,ITT,43.04,100,D,@
2014-03-03 11:28:12,ITT,43.04,100,D,@
2014-03-03 11:28:19,ITT,43.05,50,D,I
2014-03-03 11:28:30,ITT,43.04,6,T,I
2014-03-03 11:28:30,ITT,43.04,10,P,F I
2014-03-03 11:28:30,ITT,43.04,100,N,F
2014-03-03 11:28:31,ITT,43.05,99,T,I
2014-03-03 11:28:31,ITT,43.05,1,T,F I
2014-03-03 11:28:31,ITT,43.05,100,D,@
2014-03-03 11:28:31,ITT,43.06,2,P,I
2014-03-03 11:28:31,ITT,43.06,98,P,I
2014-03-03 11:28:31,ITT,43.06,102,P,@
2014-03-03 11:28:59,ITT,43.05,12,T,F I
2014-03-03 11:28:59,ITT,43.05,88,T,F I
2014-03-03 11:28:59,ITT,43.05,22,N,F I
2014-03-03 11:29:07,ITT,43.06,100,J,F
2014-03-03 11:29:07,ITT,43.06,100,D,@
2014-03-03 11:29:12,ITT,43.06,19,T,F I
2014-03-03 11:29:20,ITT,43.05,12,T,F I
2014-03-03 11:29:22,ITT,43.05,13,T,F I
2014-03-03 11:29:23,ITT,43.05,12,T,F I
2014-03-03 11:29:28,ITT,43.05,12,T,F I
2014-03-03 11:29:28,ITT,43.05,12,T,F I
2014-03-03 11:29:28,ITT,43.05,14,T,F I
2014-03-03 11:29:28,ITT,43.05,14,T,F I
2014-03-03 11:29:28,ITT,43.05,11,T,F I
2014-03-03 11:29:28,ITT,43.05,89,T,F I
2014-03-03 11:29:28,ITT,43.04,13,P,F I
2014-03-03 11:29:38,ITT,43.04,14,Z,F I
2014-03-03 11:29:38,ITT,43.04,18,Z,F I
2014-03-03 11:29:38,ITT,43.04,22,Z,F I
2014-03-03 11:29:38,ITT,43.04,24,T,F I
2014-03-03 11:29:47,ITT,43.04,12,T,F I
2014-03-03 11:29:49,ITT,43.04,12,T,F I
2014-03-03 11:29:49,ITT,43.04,12,T,F I
2014-03-03 11:29:49,ITT,43.04,87,P,F I
2014-03-03 11:29:49,ITT,43.04,13,P,F I
2014-03-03 11:29:49,ITT,43.05,100,N,F
2014-03-03 11:29:49,ITT,43.04,13,T,F I
2014-03-03 11:29:52,ITT,43.04,8,N,F I
2014-03-03 11:29:52,ITT,43.04,12,N,F I
2014-03-03 11:29:53,ITT,43.04,16,N,F I
2014-03-03 11:30:14,ITT,43.04,12,T,F I
2014-03-03 11:30:43,ITT,43.04,100,D,@
2014-03-03 11:31:01,ITT,43.04,84,T,I
2014-03-03 11:31:01,ITT,43.04,116,T,@
2014-03-03 11:31:01,ITT,43.04,18,T,F I
2014-03-03 11:31:01,ITT,43.04,100,N,F
2014-03-03 11:31:01,ITT,43.04,100,D,@
2014-03-03 11:31:01,ITT,43.04,100,D,@
2014-03-03 11:31:02,ITT,43.03,29,P,F I
2014-03-03 11:31:02,ITT,43.03,100,P,F
2014-03-03 11:31:20,ITT,43.02,100,N,F
2014-03-03 11:31:20,ITT,43.02,5,T,I
2014-03-03 11:31:20,ITT,43.02,3,T,F I
2014-03-03 11:31:20,ITT,43.02,100,T,@
2014-03-03 11:31:20,ITT,43.02,100,T,@
2014-03-03 11:31:20,ITT,43.02,100,T,@
2014-03-03 11:31:20,ITT,43.02,100,T,@
2014-03-03 11:31:20,ITT,43.02,100,T,@
2014-03-03 11:31:32,ITT,43.02,100,D,@
2014-03-03 11:31:33,ITT,43.03,2,P,F I
2014-03-03 11:31:33,ITT,43.03,4,Y,F I
2014-03-03 11:31:33,ITT,43.03,100,J,F
2014-03-03 11:31:33,ITT,43.04,6,P,F I
2014-03-03 11:31:33,ITT,43.04,6,P,F I
2014-03-03 11:31:33,ITT,43.04,88,P,F I
2014-03-03 11:31:36,ITT,43.04,6,T,F I
2014-03-03 11:31:36,ITT,43.04,100,T,@
2014-03-03 11:31:56,ITT,43.03,100,B,F
2014-03-03 11:31:56,ITT,43.03,100,T,F
2014-03-03 11:31:56,ITT,43.03,100,B,F
2014-03-03 11:31:56,ITT,43.03,62,Z,F I
2014-03-03 11:31:56,ITT,43.03,100,D,@
2014-03-03 11:31:57,ITT,43.03,100,D,@
2014-03-03 11:32:35,ITT,43.04,2,P,F I
2014-03-03 11:32:58,ITT,43.06,100,J,F
2014-03-03 11:32:58,ITT,43.06,100,T,F
2014-03-03 11:32:58,ITT,43.06,100,T,F
2014-03-03 11:32:58,ITT,43.045,100,D,@
2014-03-03 11:33:16,ITT,43.08,25,N,I
2014-03-03 11:33:26,ITT,43.08,14,Z,I
2014-03-03 11:33:26,ITT,43.08,4,P,F I
2014-03-03 11:33:26,ITT,43.11,100,Y,F
2014-03-03 11:33:26,ITT,43.08,2,P,F I
2014-03-03 11:33:26,ITT,43.09,100,T,F
2014-03-03 11:33:26,ITT,43.11,100,T,F
2014-03-03 11:33:26,ITT,43.11,50,T,F I
2014-03-03 11:33:26,ITT,43.11,100,T,F
2014-03-03 11:33:26,ITT,43.11,50,T,F I
2014-03-03 11:33:26,ITT,43.11,100,N,F
2014-03-03 11:33:26,ITT,43.09,100,Y,F
2014-03-03 11:33:26,ITT,43.075,100,D,@
2014-03-03 11:33:26,ITT,43.11,50,T,F I
2014-03-03 11:33:26,ITT,43.1,100,D,F
2014-03-03 11:33:26,ITT,43.12,44,N,F I
2014-03-03 11:33:26,ITT,43.09,100,D,@
2014-03-03 11:33:34,ITT,43.09,100,N,@
2014-03-03 11:33:34,ITT,43.09,100,T,F
2014-03-03 11:33:34,ITT,43.09,100,D,@
2014-03-03 11:33:34,ITT,43.09,100,T,@
2014-03-03 11:33:34,ITT,43.09,100,D,@
2014-03-03 11:35:14,ITT,43.1,100,N,@
2014-03-03 11:35:14,ITT,43.1,2,P,I
2014-03-03 11:35:22,ITT,43.09,100,T,@
2014-03-03 11:35:22,ITT,43.09,200,T,@
2014-03-03 11:35:22,ITT,43.09,200,D,@
2014-03-03 11:35:38,ITT,43.09,100,T,F
2014-03-03 11:35:38,ITT,43.09,100,T,F
2014-03-03 11:35:38,ITT,43.09,14,J,F I
2014-03-03 11:35:38,ITT,43.09,86,J,F I
2014-03-03 11:35:38,ITT,43.09,14,N,F I
2014-03-03 11:35:38,ITT,43.09,100,T,F
2014-03-03 11:35:38,ITT,43.09,14,N,F I
2014-03-03 11:35:38,ITT,43.09,72,N,F I
2014-03-03 11:35:39,ITT,43.089,100,D,F
2014-03-03 11:36:03,ITT,43.09,100,D,@
2014-03-03 11:36:17,ITT,43.09,86,T,F I
2014-03-03 11:36:17,ITT,43.09,100,N,@
2014-03-03 11:36:17,ITT,43.09,14,T,I
2014-03-03 11:36:26,ITT,43.08,50,Y,F I
2014-03-03 11:36:28,ITT,43.08,300,D,@
2014-03-03 11:37:26,ITT,43.1,3,P,I
2014-03-03 11:37:26,ITT,43.1,100,T,F
2014-03-03 11:37:26,ITT,43.1,2,P,I
2014-03-03 11:37:26,ITT,43.1,16,T,F I
2014-03-03 11:37:26,ITT,43.1,79,Z,F I
2014-03-03 11:37:26,ITT,43.1,21,Z,F I
2014-03-03 11:37:26,ITT,43.1,100,N,@
2014-03-03 11:37:26,ITT,43.1,100,N,F
2014-03-03 11:37:26,ITT,43.11,100,P,F
2014-03-03 11:37:26,ITT,43.12,100,T,F
2014-03-03 11:37:26,ITT,43.09,100,D,@
2014-03-03 11:38:10,ITT,43.13,30,J,I
2014-03-03 11:38:15,ITT,43.14,17,N,I
2014-03-03 11:38:34,ITT,43.13,100,T,@
2014-03-03 11:38:34,ITT,43.13,100,D,@
2014-03-03 11:38:34,ITT,43.13,100,D,@
2014-03-03 11:38:34,ITT,43.13,300,D,@
2014-03-03 11:39:04,ITT,43.12,100,D,@
2014-03-03 11:39:05,ITT,43.11,24,Y,F I
2014-03-03 11:39:09,ITT,43.11,24,B,F I
2014-03-03 11:39:09,ITT,43.11,24,T,F I
2014-03-03 11:39:09,ITT,43.11,76,B,F I
2014-03-03 11:39:24,ITT,43.11,24,T,F I
2014-03-03 11:39:31,ITT,43.11,24,T,F I
2014-03-03 11:39:31,ITT,43.11,12,N,F I
2014-03-03 11:39:31,ITT,43.11,100,N,F
2014-03-03 11:39:31,ITT,43.11,28,T,F I
2014-03-03 11:39:31,ITT,43.11,188,N,@
2014-03-03 11:39:32,ITT,43.1,41,T,F I
2014-03-03 11:39:32,ITT,43.1,28,T,F I
2014-03-03 11:39:32,ITT,43.1,24,T,F I
2014-03-03 11:39:32,ITT,43.11,60,T,F I
2014-03-03 11:39:32,ITT,43.1,100,D,@
2014-03-03 11:39:34,ITT,43.1,7,T,F I
2014-03-03 11:39:34,ITT,43.1,100,D,@
2014-03-03 11:39:34,ITT,43.09,100,P,@
2014-03-03 11:39:34,ITT,43.09,100,T,F
2014-03-03 11:39:54,ITT,43.07,58,N,F I
2014-03-03 11:39:54,ITT,43.07,100,D,@
2014-03-03 11:39:56,ITT,43.07,100,D,@
2014-03-03 11:40:01,ITT,43.07,100,P,F
2014-03-03 11:40:02,ITT,43.06,45,P,F I
2014-03-03 11:40:19,ITT,43.07,3,P,I
2014-03-03 11:40:19,ITT,43.07,97,P,I
2014-03-03 11:40:19,ITT,43.07,7,T,F I
2014-03-03 11:40:19,ITT,43.07,3,P,F I
2014-03-03 11:40:19,ITT,43.07,2,P,F I
2014-03-03 11:40:19,ITT,43.07,93,T,F I
2014-03-03 11:40:19,ITT,43.09,100,T,F
2014-03-03 11:40:19,ITT,43.09,100,T,F
2014-03-03 11:40:19,ITT,43.055,100,D,@
2014-03-03 11:40:19,ITT,43.07,100,D,@
2014-03-03 11:40:19,ITT,43.07,100,D,@
2014-03-03 11:40:31,ITT,43.08,100,D,@
2014-03-03 11:40:31,ITT,43.08,100,D,@
2014-03-03 11:40:31,ITT,43.08,200,D,@
2014-03-03 11:40:31,ITT,43.08,100,D,@
2014-03-03 11:40:31,ITT,43.08,100,D,@
2014-03-03 11:40:31,ITT,43.07,200,D,@
2014-03-03 11:41:00,ITT,43.14,100,N,F
2014-03-03 11:41:28,ITT,43.12,24,T,F I
2014-03-03 11:41:28,ITT,43.12,24,T,F I
2014-03-03 11:41:28,ITT,43.12,100,D,@
2014-03-03 11:41:29,ITT,43.12,100,T,F
2014-03-03 11:41:29,ITT,43.12,4,P,I
2014-03-03 11:41:29,ITT,43.12,2,P,I
2014-03-03 11:41:29,ITT,43.11,100,C,@
2014-03-03 11:41:29,ITT,43.12,100,D,@
2014-03-03 11:41:29,ITT,43.12,200,D,@
2014-03-03 11:42:37,ITT,43.14,100,Y,F
2014-03-03 11:42:37,ITT,43.14,2,P,F I
2014-03-03 11:42:37,ITT,43.14,100,Y,F
2014-03-03 11:42:37,ITT,43.125,100,D,@
2014-03-03 11:42:38,ITT,43.13,100,T,@
2014-03-03 11:42:38,ITT,43.13,26,Y,F I
2014-03-03 11:43:08,ITT,43.135,100,D,@
2014-03-03 11:43:12,ITT,43.15,12,T,F I
2014-03-03 11:43:22,ITT,43.12,24,K,F I
2014-03-03 11:43:22,ITT,43.12,74,T,F I
2014-03-03 11:43:22,ITT,43.12,100,B,F
2014-03-03 11:43:22,ITT,43.12,26,T,F I
2014-03-03 11:43:22,ITT,43.12,76,K,I
2014-03-03 11:43:22,ITT,43.12,100,N,@
2014-03-03 11:43:22,ITT,43.12,100,D,@
2014-03-03 11:43:22,ITT,43.135,100,D,@
2014-03-03 11:43:22,ITT,43.12,100,D,@
2014-03-03 11:43:22,ITT,43.12,100,D,@
2014-03-03 11:43:22,ITT,43.1275,100,D,@
2014-03-03 11:43:25,ITT,43.13,22,N,I
2014-03-03 11:43:27,ITT,43.11,94,P,F I
2014-03-03 11:43:27,ITT,43.11,6,P,F I
2014-03-03 11:43:27,ITT,43.11,100,Z,@
2014-03-03 11:43:27,ITT,43.11,55,K,I
2014-03-03 11:43:30,ITT,43.09,100,K,F
2014-03-03 11:43:30,ITT,43.0975,100,D,@
2014-03-03 11:43:30,ITT,43.09,100,T,@
2014-03-03 11:43:31,ITT,43.08,100,P,@
2014-03-03 11:43:31,ITT,43.08,100,K,@
2014-03-03 11:43:31,ITT,43.08,100,N,@
2014-03-03 11:43:43,ITT,43.07,100,N,F
2014-03-03 11:43:43,ITT,43.07,100,D,@
2014-03-03 11:43:43,ITT,43.07,100,D,@
2014-03-03 11:43:43,ITT,43.07,100,D,@
2014-03-03 11:43:43,ITT,43.07,100,D,@
2014-03-03 11:43:44,ITT,43.07,200,D,@
2014-03-03 11:43:44,ITT,43.07,100,D,@
2014-03-03 11:43:45,ITT,43.07,200,D,@
2014-03-03 11:43:45,ITT,43.07,100,D,@
2014-03-03 11:43:52,ITT,43.07,100,N,F
2014-03-03 11:44:38,ITT,43.07,2,P,I
2014-03-03 11:44:38,ITT,43.07,100,P,@
2014-03-03 11:44:38,ITT,43.07,98,T,F I
2014-03-03 11:44:38,ITT,43.07,2,T,F I
2014-03-03 11:45:02,ITT,43.06,24,P,F I
2014-03-03 11:45:02,ITT,43.06,76,P,F I
2014-03-03 11:45:02,ITT,43.06,60,N,F I
2014-03-03 11:45:22,ITT,43.04,66,P,F I
2014-03-03 11:45:22,ITT,43.04,24,P,F I
2014-03-03 11:45:22,ITT,43.04,10,P,F I
2014-03-03 11:45:22,ITT,43.03,53,T,F I
2014-03-03 11:45:22,ITT,43.02,100,N,F
2014-03-03 11:45:22,ITT,43.03,90,T,F I
2014-03-03 11:45:22,ITT,43.02,100,T,F
2014-03-03 11:45:22,ITT,43.03,11,T,F I
2014-03-03 11:45:49,ITT,42.99,100,P,F
2014-03-03 11:46:12,ITT,42.99,7,D,I
2014-03-03 11:46:21,ITT,42.99,83,P,F I
2014-03-03 11:46:21,ITT,42.99,17,P,F I
2014-03-03 11:46:21,ITT,42.99,56,P,F I
2014-03-03 11:46:21,ITT,42.99,100,N,@
2014-03-03 11:46:57,ITT,43.01,100,J,F
2014-03-03 11:46:57,ITT,43.01,100,N,F
2014-03-03 11:46:57,ITT,43.01,100,N,F
2014-03-03 11:46:57,ITT,43.01,110,N,F
2014-03-03 11:46:57,ITT,43.01,100,N,F
2014-03-03 11:46:57,ITT,43.01,26,N,F I
2014-03-03 11:46:57,ITT,43.0,100,B,@
2014-03-03 11:46:57,ITT,42.98,100,C,@
2014-03-03 11:46:57,ITT,42.995,100,D,@
2014-03-03 11:46:57,ITT,42.995,100,D,@
2014-03-03 11:47:44,ITT,42.98,100,D,@
2014-03-03 11:47:45,ITT,42.98,24,Z,F I
2014-03-03 11:47:45,ITT,42.98,100,T,F
2014-03-03 11:47:45,ITT,42.98,4,Z,F I
2014-03-03 11:47:45,ITT,42.98,100,T,F
2014-03-03 11:47:45,ITT,42.98,49,Z,F I
2014-03-03 11:47:45,ITT,42.98,100,P,F
2014-03-03 11:47:45,ITT,42.98,100,N,F
2014-03-03 11:47:45,ITT,42.98,100,T,F
2014-03-03 11:47:45,ITT,42.98,100,T,@
2014-03-03 11:47:45,ITT,42.97,83,T,F I
2014-03-03 11:47:45,ITT,42.97,100,B,F
2014-03-03 11:47:45,ITT,42.97,27,P,F I
2014-03-03 11:47:45,ITT,42.98,100,D,@
2014-03-03 11:47:45,ITT,42.98,100,D,@
2014-03-03 11:47:45,ITT,42.98,100,N,@
2014-03-03 11:47:45,ITT,42.98,100,D,@
2014-03-03 11:47:45,ITT,42.97,100,D,@
2014-03-03 11:47:45,ITT,42.97,100,D,@
2014-03-03 11:47:45,ITT,42.97,100,D,@
2014-03-03 11:47:45,ITT,42.98,100,D,@
2014-03-03 11:47:45,ITT,42.98,100,D,@
2014-03-03 11:47:45,ITT,42.98,100,D,@
2014-03-03 11:47:45,ITT,42.968999999999994,100,D,@
2014-03-03 11:47:46,ITT,42.95,100,B,@
2014-03-03 11:47:48,ITT,42.95,24,N,F I
2014-03-03 11:47:48,ITT,42.95,24,N,F I
2014-03-03 11:49:00,ITT,42.98,4,P,F I
2014-03-03 11:49:00,ITT,42.98,7,Z,F I
2014-03-03 11:49:00,ITT,42.98,100,D,@
2014-03-03 11:49:00,ITT,42.98,100,D,@
2014-03-03 11:49:02,ITT,42.989,100,D,F
2014-03-03 11:49:02,ITT,42.99,100,Z,F
2014-03-03 11:49:02,ITT,42.99,3,P,F I
2014-03-03 11:49:02,ITT,42.99,100,T,F
2014-03-03 11:49:02,ITT,42.99,100,T,F
2014-03-03 11:49:02,ITT,42.99,100,T,@
2014-03-03 11:49:02,ITT,42.99,100,D,@
2014-03-03 11:49:02,ITT,42.985,100,D,@
2014-03-03 11:49:02,ITT,42.9875,100,D,@
2014-03-03 11:49:11,ITT,42.995,100,D,@
2014-03-03 11:49:46,ITT,42.995,100,D,@
2014-03-03 11:50:08,ITT,43.01,100,D,@
2014-03-03 11:50:10,ITT,43.0,100,T,@
2014-03-03 11:50:10,ITT,43.0,100,D,@
2014-03-03 11:50:11,ITT,43.0004,100,D,@
2014-03-03 11:50:11,ITT,43.0,22,T,F I
2014-03-03 11:50:11,ITT,43.0,43,T,F I
2014-03-03 11:50:11,ITT,43.0,35,T,F I
2014-03-03 11:50:11,ITT,42.99,100,P,F
2014-03-03 11:50:11,ITT,42.99,100,Z,F
2014-03-03 11:50:11,ITT,42.99,100,K,F
2014-03-03 11:50:11,ITT,42.99,20,T,I
2014-03-03 11:50:11,ITT,42.99,24,T,F I
2014-03-03 11:50:11,ITT,42.99,24,T,F I
2014-03-03 11:50:11,ITT,43.0,100,D,@
2014-03-03 11:50:11,ITT,43.0,100,D,@
2014-03-03 11:50:11,ITT,42.99,100,D,@
2014-03-03 11:50:11,ITT,43.0,100,D,@
2014-03-03 11:50:11,ITT,43.0,100,D,@
2014-03-03 11:50:11,ITT,42.99,100,D,@
2014-03-03 11:50:11,ITT,43.0,48,N,I
2014-03-03 11:50:13,ITT,42.99,24,J,F I
