Local time,Ask,Bid,AskVolume,BidVolume
09.04.2018 09:30:00.045 GMT-0400,169.89200000000002,169.798,55,13
09.04.2018 09:30:00.524 GMT-0400,170.083,169.98700000000002,290,150
09.04.2018 09:30:00.827 GMT-0400,170.019,169.99200000000002,200,7499.9998
09.04.2018 09:30:00.903 GMT-0400,170.012,169.968,200,82
09.04.2018 09:30:01.382 GMT-0400,170.012,169.96099999999998,200,7499.9998
09.04.2018 09:30:01.517 GMT-0400,170.003,169.96099999999998,220,7499.9998
09.04.2018 09:30:02.032 GMT-0400,170.063,169.986,10200.0004,82
09.04.2018 09:30:02.191 GMT-0400,170.063,170.01700000000002,100,150
09.04.2018 09:30:02.291 GMT-0400,170.103,170.047,1480,75
09.04.2018 09:30:02.521 GMT-0400,170.103,170.01700000000002,1480,75
09.04.2018 09:30:03.164 GMT-0400,170.102,170.028,11500,7499.9998
09.04.2018 09:30:03.496 GMT-0400,170.102,170.03799999999998,12000.0001,82
09.04.2018 09:30:04.042 GMT-0400,170.103,170.037,12000.0001,75
09.04.2018 09:30:04.194 GMT-0400,170.103,170.037,1510,150
09.04.2018 09:30:04.433 GMT-0400,170.092,170.03799999999998,370,150
09.04.2018 09:30:04.835 GMT-0400,170.103,170.05700000000002,1429.9999,230
09.04.2018 09:30:04.886 GMT-0400,170.103,170.037,1429.9999,220
09.04.2018 09:30:05.028 GMT-0400,170.103,170.048,1429.9999,7499.9998
09.04.2018 09:30:05.412 GMT-0400,170.08200000000002,170.048,60,7499.9998
09.04.2018 09:30:05.463 GMT-0400,170.103,170.048,1030,7499.9998
09.04.2018 09:30:05.516 GMT-0400,170.073,170.048,110,7499.9998
09.04.2018 09:30:05.702 GMT-0400,170.107,170.048,9999.9998,7499.9998
09.04.2018 09:30:05.753 GMT-0400,170.103,170.01700000000002,11500,150
09.04.2018 09:30:06.712 GMT-0400,170.093,170.01700000000002,200,150
09.04.2018 09:30:07.440 GMT-0400,170.092,170.018,370,75
09.04.2018 09:30:08.136 GMT-0400,170.093,170.02700000000002,370,75
09.04.2018 09:30:08.715 GMT-0400,170.092,170.028,370,300
09.04.2018 09:30:09.327 GMT-0400,170.093,170.02700000000002,370,970
09.04.2018 09:30:09.636 GMT-0400,170.11200000000002,170.093,5,7499.9998
09.04.2018 09:30:09.737 GMT-0400,170.15200000000002,170.09799999999998,10499.9999,160
09.04.2018 09:30:09.845 GMT-0400,170.172,170.138,10099.9996,64
09.04.2018 09:30:09.896 GMT-0400,170.172,170.127,100,7499.9998
09.04.2018 09:30:10.456 GMT-0400,170.173,170.127,100,7499.9998
09.04.2018 09:30:10.850 GMT-0400,170.173,170.097,100,170
09.04.2018 09:30:11.301 GMT-0400,170.172,170.108,100,75
09.04.2018 09:30:11.656 GMT-0400,170.192,170.108,200,150
09.04.2018 09:30:11.710 GMT-0400,170.19299999999998,170.11700000000002,10200.0004,1120
09.04.2018 09:30:12.226 GMT-0400,170.192,170.118,220,1200.0001
09.04.2018 09:30:12.748 GMT-0400,170.172,170.108,10200.0004,150
09.04.2018 09:30:12.979 GMT-0400,170.16299999999998,170.102,10300.0002,7499.9998
09.04.2018 09:30:13.318 GMT-0400,170.19299999999998,170.11700000000002,10300.0002,110
09.04.2018 09:30:14.044 GMT-0400,170.18200000000002,170.118,10099.9996,150
09.04.2018 09:30:14.551 GMT-0400,170.183,170.11700000000002,180,370
09.04.2018 09:30:15.247 GMT-0400,170.18200000000002,170.118,140,750
09.04.2018 09:30:15.298 GMT-0400,170.22299999999998,170.20700000000002,300,75
09.04.2018 09:30:15.349 GMT-0400,170.213,170.188,300,7499.9998
09.04.2018 09:30:16.174 GMT-0400,170.21200000000002,170.188,220,7499.9998
09.04.2018 09:30:16.387 GMT-0400,170.21200000000002,170.128,220,250
09.04.2018 09:30:17.376 GMT-0400,170.21200000000002,170.187,220,7499.9998
09.04.2018 09:30:17.675 GMT-0400,170.30200000000002,170.248,800,75
09.04.2018 09:30:17.725 GMT-0400,170.30200000000002,170.258,800,900
09.04.2018 09:30:17.914 GMT-0400,170.303,170.247,800,7499.9998
09.04.2018 09:30:18.553 GMT-0400,170.30200000000002,170.247,800,7499.9998
09.04.2018 09:30:18.676 GMT-0400,170.30200000000002,170.208,800,370
09.04.2018 09:30:19.082 GMT-0400,170.293,170.20700000000002,100,370
09.04.2018 09:30:19.679 GMT-0400,170.292,170.208,200,450
09.04.2018 09:30:20.213 GMT-0400,170.33200000000002,170.28799999999998,10300.0002,150
09.04.2018 09:30:20.804 GMT-0400,170.353,170.30700000000002,830,150
09.04.2018 09:30:21.114 GMT-0400,170.353,170.31799999999998,830,7499.9998
09.04.2018 09:30:21.198 GMT-0400,170.393,170.33700000000002,450,75
09.04.2018 09:30:21.354 GMT-0400,170.39200000000002,170.34799999999998,450,220
09.04.2018 09:30:21.676 GMT-0400,170.423,170.387,9999.9998,7499.9998
09.04.2018 09:30:22.382 GMT-0400,170.453,170.39700000000002,10999.9999,150
09.04.2018 09:30:22.662 GMT-0400,170.453,170.39700000000002,750,150
09.04.2018 09:30:22.789 GMT-0400,170.453,170.407,750,150
09.04.2018 09:30:22.997 GMT-0400,170.452,170.398,750,1050
09.04.2018 09:30:23.098 GMT-0400,170.452,170.408,690,150
09.04.2018 09:30:23.536 GMT-0400,170.482,170.438,10200.0004,220
09.04.2018 09:30:23.686 GMT-0400,170.483,170.44,93,7499.9998
09.04.2018 09:30:23.802 GMT-0400,170.493,170.44,180,7499.9998
09.04.2018 09:30:24.400 GMT-0400,170.49200000000002,170.44,430,7499.9998
09.04.2018 09:30:24.688 GMT-0400,170.49200000000002,170.428,430,220
09.04.2018 09:30:25.326 GMT-0400,170.49200000000002,170.458,170,75
09.04.2018 09:30:25.714 GMT-0400,170.483,170.437,10,10400
09.04.2018 09:30:25.765 GMT-0400,170.493,170.437,500,10400
09.04.2018 09:30:26.140 GMT-0400,170.493,170.447,510,75
09.04.2018 09:30:26.431 GMT-0400,170.46200000000002,170.412,670,7499.9998
09.04.2018 09:30:26.515 GMT-0400,170.43400000000003,170.412,110,7499.9998
09.04.2018 09:30:26.566 GMT-0400,170.452,170.408,100,150
09.04.2018 09:30:26.792 GMT-0400,170.493,170.417,10499.9999,150
09.04.2018 09:30:26.893 GMT-0400,170.49200000000002,170.408,10499.9999,600
09.04.2018 09:30:27.243 GMT-0400,170.49200000000002,170.438,10300.0002,220
09.04.2018 09:30:27.535 GMT-0400,170.493,170.437,200,300
09.04.2018 09:30:27.821 GMT-0400,170.493,170.477,170,810
09.04.2018 09:30:28.009 GMT-0400,170.483,170.45700000000002,100,7499.9998
09.04.2018 09:30:28.170 GMT-0400,170.493,170.45700000000002,200,7499.9998
09.04.2018 09:30:28.921 GMT-0400,170.49200000000002,170.45700000000002,200,7499.9998
09.04.2018 09:30:29.022 GMT-0400,170.493,170.437,100,820
09.04.2018 09:30:29.322 GMT-0400,170.493,170.467,200,75
09.04.2018 09:30:29.551 GMT-0400,170.47299999999998,170.437,6600,1350
09.04.2018 09:30:29.602 GMT-0400,170.44299999999998,170.417,2060.0001,10400
09.04.2018 09:30:30.002 GMT-0400,170.442,170.428,1760,67
09.04.2018 09:30:30.071 GMT-0400,170.433,170.417,100,300
09.04.2018 09:30:30.171 GMT-0400,170.44299999999998,170.42700000000002,1760,75
09.04.2018 09:30:30.569 GMT-0400,170.44299999999998,170.417,12600,370
09.04.2018 09:30:30.827 GMT-0400,170.43200000000002,170.418,100,220
09.04.2018 09:30:30.878 GMT-0400,170.44299999999998,170.417,12600,15
09.04.2018 09:30:30.932 GMT-0400,170.442,170.408,12699.9998,220
09.04.2018 09:30:31.404 GMT-0400,170.41400000000002,170.40099999999998,440,7499.9998
09.04.2018 09:30:31.724 GMT-0400,170.403,170.377,180,150
09.04.2018 09:30:31.929 GMT-0400,170.40200000000002,170.359,290,7499.9998
09.04.2018 09:30:32.592 GMT-0400,170.39200000000002,170.359,290,7499.9998
09.04.2018 09:30:32.688 GMT-0400,170.39200000000002,170.34799999999998,290,440
09.04.2018 09:30:32.738 GMT-0400,170.383,170.347,210,440
09.04.2018 09:30:33.491 GMT-0400,170.382,170.34799999999998,360,520
09.04.2018 09:30:34.068 GMT-0400,170.372,170.34799999999998,360,75
09.04.2018 09:30:34.221 GMT-0400,170.372,170.338,210,1200.0001
09.04.2018 09:30:34.272 GMT-0400,170.372,170.34799999999998,210,75
09.04.2018 09:30:34.775 GMT-0400,170.373,170.347,180,300
09.04.2018 09:30:35.318 GMT-0400,170.372,170.34799999999998,180,220
09.04.2018 09:30:35.840 GMT-0400,170.373,170.347,180,220
09.04.2018 09:30:36.321 GMT-0400,170.36200000000002,170.34799999999998,210,750
09.04.2018 09:30:36.607 GMT-0400,170.44299999999998,170.377,10400,75
09.04.2018 09:30:37.515 GMT-0400,170.412,170.378,300,300
09.04.2018 09:30:38.309 GMT-0400,170.41299999999998,170.377,300,600
09.04.2018 09:30:39.584 GMT-0400,170.412,170.378,300,10900.0001
09.04.2018 09:30:39.634 GMT-0400,170.41299999999998,170.387,220,75
09.04.2018 09:30:40.331 GMT-0400,170.41299999999998,170.39700000000002,220,220
09.04.2018 09:30:40.460 GMT-0400,170.442,170.408,10499.9999,150
09.04.2018 09:30:40.510 GMT-0400,170.453,170.437,150,4
09.04.2018 09:30:41.144 GMT-0400,170.47299999999998,170.428,10200.0004,7499.9998
09.04.2018 09:30:41.504 GMT-0400,170.472,170.428,200,220
09.04.2018 09:30:41.980 GMT-0400,170.49200000000002,170.468,370,4
09.04.2018 09:30:42.444 GMT-0400,170.493,170.45700000000002,200,7499.9998
09.04.2018 09:30:42.960 GMT-0400,170.493,170.447,200,450
09.04.2018 09:30:43.604 GMT-0400,170.503,170.447,8480.0003,450
09.04.2018 09:30:43.960 GMT-0400,170.482,170.448,200,450
09.04.2018 09:30:44.333 GMT-0400,170.47299999999998,170.447,300,1200.0001
09.04.2018 09:30:44.383 GMT-0400,170.482,170.448,100,1200.0001
09.04.2018 09:30:44.964 GMT-0400,170.49200000000002,170.458,10200.0004,37
09.04.2018 09:30:45.117 GMT-0400,170.423,170.39700000000002,10,150
09.04.2018 09:30:45.168 GMT-0400,170.453,170.39700000000002,10800.0003,10200.0004
09.04.2018 09:30:46.146 GMT-0400,170.452,170.398,10099.9996,220
09.04.2018 09:30:46.246 GMT-0400,170.453,170.39700000000002,100,220
09.04.2018 09:30:46.484 GMT-0400,170.44299999999998,170.39700000000002,220,150
09.04.2018 09:30:47.012 GMT-0400,170.442,170.398,200,220
09.04.2018 09:30:47.339 GMT-0400,170.433,170.39700000000002,110,750
09.04.2018 09:30:47.391 GMT-0400,170.452,170.398,10099.9996,750
09.04.2018 09:30:47.925 GMT-0400,170.453,170.39700000000002,10099.9996,750
09.04.2018 09:30:48.156 GMT-0400,170.493,170.39700000000002,300,820
09.04.2018 09:30:48.330 GMT-0400,170.49200000000002,170.408,300,820
09.04.2018 09:30:48.690 GMT-0400,170.502,170.408,8480.0003,820
09.04.2018 09:30:48.783 GMT-0400,170.493,170.42700000000002,750,300
09.04.2018 09:30:48.837 GMT-0400,170.503,170.42700000000002,8480.0003,370
09.04.2018 09:30:49.301 GMT-0400,170.49200000000002,170.428,600,370
09.04.2018 09:30:49.675 GMT-0400,170.49200000000002,170.438,600,220
09.04.2018 09:30:51.244 GMT-0400,170.493,170.437,300,300
09.04.2018 09:30:51.675 GMT-0400,170.47299999999998,170.437,10300.0002,220
09.04.2018 09:30:52.046 GMT-0400,170.493,170.447,10400,150
09.04.2018 09:30:52.323 GMT-0400,170.49200000000002,170.448,300,220
09.04.2018 09:30:52.373 GMT-0400,170.463,170.437,110,150
09.04.2018 09:30:52.810 GMT-0400,170.472,170.428,10200.0004,1200.0001
09.04.2018 09:30:52.860 GMT-0400,170.472,170.438,10200.0004,300
09.04.2018 09:30:53.403 GMT-0400,170.49200000000002,170.438,370,300
09.04.2018 09:30:54.217 GMT-0400,170.503,170.468,8630.0001,7499.9998
09.04.2018 09:30:54.522 GMT-0400,170.52200000000002,170.498,200,300
09.04.2018 09:30:54.674 GMT-0400,170.543,170.507,10099.9996,7
09.04.2018 09:30:54.875 GMT-0400,170.55200000000002,170.518,12000.0001,7
09.04.2018 09:30:54.939 GMT-0400,170.553,170.507,12000.0001,220
09.04.2018 09:30:55.320 GMT-0400,170.553,170.51700000000002,1760,7499.9998
09.04.2018 09:30:55.371 GMT-0400,170.573,170.55700000000002,200,150
09.04.2018 09:30:55.422 GMT-0400,170.572,170.548,220,220
09.04.2018 09:30:55.478 GMT-0400,170.543,170.507,200,75
09.04.2018 09:30:55.529 GMT-0400,170.503,170.489,330,7499.9998
09.04.2018 09:30:55.642 GMT-0400,170.553,170.489,9999.9998,7499.9998
09.04.2018 09:30:55.796 GMT-0400,170.533,170.49099999999999,9999.9998,7499.9998
09.04.2018 09:30:56.119 GMT-0400,170.493,170.447,10400,180
09.04.2018 09:30:57.039 GMT-0400,170.482,170.448,10499.9999,480
09.04.2018 09:30:57.397 GMT-0400,170.452,170.438,100,370
09.04.2018 09:30:57.651 GMT-0400,170.472,170.438,10499.9999,220
09.04.2018 09:30:58.142 GMT-0400,170.47299999999998,170.447,200,7499.9998
09.04.2018 09:30:58.474 GMT-0400,170.46200000000002,170.447,200,7499.9998
09.04.2018 09:30:58.527 GMT-0400,170.493,170.447,10200.0004,10200.0004
09.04.2018 09:30:58.780 GMT-0400,170.52200000000002,170.468,10099.9996,75
09.04.2018 09:30:59.226 GMT-0400,170.563,170.467,370,150
09.04.2018 09:31:00.007 GMT-0400,170.572,170.478,10300.0002,520
09.04.2018 09:31:00.132 GMT-0400,170.572,170.488,10300.0002,620
09.04.2018 09:31:00.453 GMT-0400,170.572,170.498,220,450
09.04.2018 09:31:00.928 GMT-0400,170.513,170.48700000000002,200,30
09.04.2018 09:31:00.979 GMT-0400,170.52200000000002,170.488,200,100
09.04.2018 09:31:01.049 GMT-0400,170.532,170.488,100,180
09.04.2018 09:31:01.144 GMT-0400,170.543,170.48700000000002,10099.9996,180
09.04.2018 09:31:01.647 GMT-0400,170.542,170.488,10099.9996,700
09.04.2018 09:31:02.021 GMT-0400,170.553,170.48700000000002,100,1150
09.04.2018 09:31:02.683 GMT-0400,170.55200000000002,170.488,150,1230.0001
09.04.2018 09:31:03.184 GMT-0400,170.553,170.48700000000002,100,1230.0001
09.04.2018 09:31:03.319 GMT-0400,170.553,170.497,100,900
09.04.2018 09:31:03.649 GMT-0400,170.513,170.497,100,30
09.04.2018 09:31:03.699 GMT-0400,170.512,170.488,220,1120
09.04.2018 09:31:04.099 GMT-0400,170.563,170.497,10300.0002,300
09.04.2018 09:31:04.579 GMT-0400,170.563,170.51700000000002,100,220
09.04.2018 09:31:04.630 GMT-0400,170.603,170.537,10300.0002,160
09.04.2018 09:31:05.563 GMT-0400,170.603,170.537,5,600
09.04.2018 09:31:06.397 GMT-0400,170.602,170.53799999999998,5,970
09.04.2018 09:31:06.503 GMT-0400,170.603,170.547,5,700
09.04.2018 09:31:06.860 GMT-0400,170.61200000000002,170.578,50,370
09.04.2018 09:31:06.910 GMT-0400,170.65200000000002,170.588,370,150
09.04.2018 09:31:07.550 GMT-0400,170.653,170.58700000000002,370,1120
09.04.2018 09:31:08.137 GMT-0400,170.653,170.597,370,300
09.04.2018 09:31:08.493 GMT-0400,170.653,170.607,100,160
09.04.2018 09:31:10.412 GMT-0400,170.653,170.618,100,7499.9998
09.04.2018 09:31:10.464 GMT-0400,170.662,170.618,10599.9997,7499.9998
09.04.2018 09:31:11.496 GMT-0400,170.662,170.618,100,75
09.04.2018 09:31:11.547 GMT-0400,170.65200000000002,170.608,200,1350
09.04.2018 09:31:11.622 GMT-0400,170.662,170.608,100,1350
09.04.2018 09:31:12.447 GMT-0400,170.66299999999998,170.607,200,1270
09.04.2018 09:31:12.498 GMT-0400,170.653,170.61700000000002,10099.9996,230
09.04.2018 09:31:13.485 GMT-0400,170.69299999999998,170.637,10999.9999,310
09.04.2018 09:31:13.536 GMT-0400,170.69299999999998,170.657,700,320
09.04.2018 09:31:14.060 GMT-0400,170.703,170.657,850,530
09.04.2018 09:31:14.162 GMT-0400,170.69299999999998,170.667,220,7499.9998
09.04.2018 09:31:14.212 GMT-0400,170.703,170.667,1150,7499.9998
09.04.2018 09:31:14.363 GMT-0400,170.683,170.657,100,1350
09.04.2018 09:31:14.413 GMT-0400,170.692,170.658,220,1350
09.04.2018 09:31:15.056 GMT-0400,170.733,170.67700000000002,10499.9999,160
09.04.2018 09:31:15.106 GMT-0400,170.732,170.678,10099.9996,220
09.04.2018 09:31:15.285 GMT-0400,170.733,170.687,10099.9996,220
09.04.2018 09:31:15.546 GMT-0400,170.752,170.708,550,150
09.04.2018 09:31:16.598 GMT-0400,170.773,170.727,240,300
09.04.2018 09:31:16.761 GMT-0400,170.792,170.758,10400,75
09.04.2018 09:31:16.812 GMT-0400,170.792,170.748,310,10099.9996
09.04.2018 09:31:16.962 GMT-0400,170.80200000000002,170.768,11099.9998,82
09.04.2018 09:31:17.590 GMT-0400,170.842,170.78799999999998,10400,220
09.04.2018 09:31:17.949 GMT-0400,170.852,170.798,10400,220
09.04.2018 09:31:18.000 GMT-0400,170.852,170.798,69,75
09.04.2018 09:31:18.446 GMT-0400,170.883,170.80700000000002,10900.0001,300
09.04.2018 09:31:18.952 GMT-0400,170.873,170.80700000000002,560,300
09.04.2018 09:31:19.536 GMT-0400,170.872,170.808,50,450
09.04.2018 09:31:20.002 GMT-0400,170.823,170.80700000000002,100,75
09.04.2018 09:31:20.105 GMT-0400,170.822,170.798,10099.9996,670
09.04.2018 09:31:20.156 GMT-0400,170.812,170.78799999999998,200,150
09.04.2018 09:31:20.514 GMT-0400,170.782,170.768,220,75
09.04.2018 09:31:20.685 GMT-0400,170.77200000000002,170.73,200,7499.9998
09.04.2018 09:31:20.735 GMT-0400,170.77200000000002,170.728,10099.9996,370
09.04.2018 09:31:21.322 GMT-0400,170.80200000000002,170.748,10200.0004,160
09.04.2018 09:31:21.422 GMT-0400,170.792,170.728,10300.0002,600
09.04.2018 09:31:21.629 GMT-0400,170.803,170.727,200,600
09.04.2018 09:31:22.327 GMT-0400,170.80200000000002,170.758,200,75
09.04.2018 09:31:22.477 GMT-0400,170.793,170.747,100,75
09.04.2018 09:31:22.537 GMT-0400,170.782,170.728,10200.0004,1570
09.04.2018 09:31:22.638 GMT-0400,170.782,170.748,10200.0004,75
09.04.2018 09:31:22.939 GMT-0400,170.722,170.698,200,75
09.04.2018 09:31:23.040 GMT-0400,170.713,170.687,100,7499.9998
09.04.2018 09:31:23.148 GMT-0400,170.722,170.688,10099.9996,150
09.04.2018 09:31:23.199 GMT-0400,170.71200000000002,170.687,110,7499.9998
09.04.2018 09:31:23.249 GMT-0400,170.72299999999998,170.687,10200.0004,7499.9998
09.04.2018 09:31:23.743 GMT-0400,170.732,170.698,10200.0004,7
09.04.2018 09:31:23.844 GMT-0400,170.803,170.73700000000002,10499.9999,150
09.04.2018 09:31:23.894 GMT-0400,170.833,170.77700000000002,10200.0004,220
09.04.2018 09:31:23.995 GMT-0400,170.833,170.76700000000002,9999.9998,75
09.04.2018 09:31:24.695 GMT-0400,170.873,170.787,10499.9999,750
09.04.2018 09:31:24.848 GMT-0400,170.872,170.78799999999998,340,820
09.04.2018 09:31:25.118 GMT-0400,170.872,170.808,50,150
09.04.2018 09:31:25.452 GMT-0400,170.842,170.78799999999998,200,520
09.04.2018 09:31:26.144 GMT-0400,170.843,170.787,150,900
09.04.2018 09:31:26.677 GMT-0400,170.823,170.787,370,240
09.04.2018 09:31:27.212 GMT-0400,170.812,170.78799999999998,100,240
09.04.2018 09:31:27.263 GMT-0400,170.823,170.787,10099.9996,240
09.04.2018 09:31:28.718 GMT-0400,170.823,170.785,10099.9996,240
09.04.2018 09:31:28.769 GMT-0400,170.803,170.747,10099.9996,670
09.04.2018 09:31:29.321 GMT-0400,170.812,170.768,100,7499.9998
09.04.2018 09:31:29.645 GMT-0400,170.773,170.747,100,820
09.04.2018 09:31:30.171 GMT-0400,170.77200000000002,170.748,100,820
09.04.2018 09:31:30.527 GMT-0400,170.783,170.747,100,830
09.04.2018 09:31:30.815 GMT-0400,170.792,170.748,100,1200.0001
09.04.2018 09:31:31.531 GMT-0400,170.80200000000002,170.748,10400,1200.0001
09.04.2018 09:31:31.657 GMT-0400,170.762,170.71200000000002,110,7499.9998
09.04.2018 09:31:32.253 GMT-0400,170.762,170.718,69,670
09.04.2018 09:31:32.633 GMT-0400,170.763,170.71200000000002,69,7499.9998
09.04.2018 09:31:33.488 GMT-0400,170.763,170.70700000000002,77,1280
09.04.2018 09:31:34.738 GMT-0400,170.762,170.708,77,900
09.04.2018 09:31:35.252 GMT-0400,170.762,170.698,77,300
09.04.2018 09:31:35.464 GMT-0400,170.732,170.692,100,7499.9998
09.04.2018 09:31:36.455 GMT-0400,170.743,170.687,10099.9996,670
09.04.2018 09:31:36.533 GMT-0400,170.74200000000002,170.708,220,380
09.04.2018 09:31:36.901 GMT-0400,170.733,170.687,110,11199.9996
09.04.2018 09:31:37.654 GMT-0400,170.732,170.688,300,670
09.04.2018 09:31:37.705 GMT-0400,170.722,170.688,200,450
09.04.2018 09:31:38.058 GMT-0400,170.713,170.67000000000002,110,7499.9998
09.04.2018 09:31:38.656 GMT-0400,170.713,170.657,300,970
09.04.2018 09:31:39.707 GMT-0400,170.662,170.638,150,300
09.04.2018 09:31:40.060 GMT-0400,170.69299999999998,170.64700000000002,10099.9996,380
09.04.2018 09:31:40.553 GMT-0400,170.68200000000002,170.638,300,370
09.04.2018 09:31:41.466 GMT-0400,170.68200000000002,170.648,220,600
09.04.2018 09:31:41.516 GMT-0400,170.68200000000002,170.638,220,820
09.04.2018 09:31:42.177 GMT-0400,170.68200000000002,170.631,300,7499.9998
09.04.2018 09:31:42.318 GMT-0400,170.683,170.637,600,150
09.04.2018 09:31:42.752 GMT-0400,170.66299999999998,170.637,220,150
09.04.2018 09:31:43.385 GMT-0400,170.64200000000002,170.618,10300.0002,520
09.04.2018 09:31:43.593 GMT-0400,170.622,170.597,670,7499.9998
09.04.2018 09:31:44.383 GMT-0400,170.622,170.588,670,970
09.04.2018 09:31:44.541 GMT-0400,170.602,170.579,220,7499.9998
09.04.2018 09:31:45.397 GMT-0400,170.603,170.579,220,7499.9998
09.04.2018 09:31:46.323 GMT-0400,170.61200000000002,170.588,260,82
09.04.2018 09:31:46.373 GMT-0400,170.61200000000002,170.578,340,37
09.04.2018 09:31:46.527 GMT-0400,170.603,170.567,270,7499.9998
09.04.2018 09:31:46.943 GMT-0400,170.572,170.518,100,370
09.04.2018 09:31:47.050 GMT-0400,170.573,170.507,100,540
09.04.2018 09:31:48.070 GMT-0400,170.572,170.518,68,1
09.04.2018 09:31:48.391 GMT-0400,170.562,170.518,820,150
09.04.2018 09:31:48.560 GMT-0400,170.532,170.468,100,670
09.04.2018 09:31:49.159 GMT-0400,170.533,170.467,200,300
09.04.2018 09:31:50.604 GMT-0400,170.532,170.468,460,300
09.04.2018 09:31:53.056 GMT-0400,170.533,170.467,220,300
09.04.2018 09:31:55.181 GMT-0400,170.532,170.498,220,1870
09.04.2018 09:31:55.512 GMT-0400,170.563,170.51700000000002,10200.0004,150
09.04.2018 09:31:55.563 GMT-0400,170.563,170.537,200,220
09.04.2018 09:31:55.965 GMT-0400,170.553,170.518,220,7499.9998
09.04.2018 09:31:56.553 GMT-0400,170.553,170.51700000000002,220,75
09.04.2018 09:31:56.832 GMT-0400,170.542,170.507,110,7499.9998
09.04.2018 09:31:57.415 GMT-0400,170.543,170.507,200,7499.9998
09.04.2018 09:31:57.657 GMT-0400,170.543,170.467,200,250
09.04.2018 09:31:58.244 GMT-0400,170.542,170.468,100,1370
09.04.2018 09:31:58.413 GMT-0400,170.542,170.478,200,840
09.04.2018 09:31:58.791 GMT-0400,170.49200000000002,170.46200000000002,200,7499.9998
09.04.2018 09:31:58.842 GMT-0400,170.513,170.46099999999998,9999.9998,7499.9998
09.04.2018 09:31:59.121 GMT-0400,170.442,170.422,220,7499.9998
09.04.2018 09:31:59.544 GMT-0400,170.46200000000002,170.428,100,75
09.04.2018 09:31:59.658 GMT-0400,170.46200000000002,170.428,10099.9996,75
09.04.2018 09:31:59.708 GMT-0400,170.41299999999998,170.381,200,7499.9998
09.04.2018 09:32:00.254 GMT-0400,170.43200000000002,170.381,200,7499.9998
09.04.2018 09:32:00.448 GMT-0400,170.442,170.388,220,75
09.04.2018 09:32:00.568 GMT-0400,170.44299999999998,170.381,200,7499.9998
09.04.2018 09:32:01.185 GMT-0400,170.41299999999998,170.36700000000002,200,150
09.04.2018 09:32:01.873 GMT-0400,170.412,170.368,200,150
09.04.2018 09:32:02.570 GMT-0400,170.41299999999998,170.36700000000002,200,220
09.04.2018 09:32:02.920 GMT-0400,170.373,170.34099999999998,200,7499.9998
09.04.2018 09:32:02.971 GMT-0400,170.343,170.30700000000002,220,1
09.04.2018 09:32:03.042 GMT-0400,170.343,170.297,200,10800.0003
09.04.2018 09:32:03.093 GMT-0400,170.343,170.30700000000002,200,75
09.04.2018 09:32:03.417 GMT-0400,170.363,170.317,10099.9996,230
09.04.2018 09:32:03.471 GMT-0400,170.363,170.30700000000002,10200.0004,75
09.04.2018 09:32:03.935 GMT-0400,170.363,170.30700000000002,200,75
09.04.2018 09:32:04.903 GMT-0400,170.36200000000002,170.308,370,190
09.04.2018 09:32:05.153 GMT-0400,170.383,170.347,10099.9996,75
09.04.2018 09:32:06.088 GMT-0400,170.373,170.347,200,150
09.04.2018 09:32:06.370 GMT-0400,170.39200000000002,170.352,10,7499.9998
09.04.2018 09:32:06.420 GMT-0400,170.41299999999998,170.377,10400,75
09.04.2018 09:32:06.470 GMT-0400,170.412,170.368,370,75
09.04.2018 09:32:06.521 GMT-0400,170.412,170.352,370,7499.9998
09.04.2018 09:32:06.571 GMT-0400,170.39200000000002,170.352,750,7499.9998
09.04.2018 09:32:07.193 GMT-0400,170.393,170.352,200,7499.9998
09.04.2018 09:32:07.350 GMT-0400,170.393,170.327,200,75
09.04.2018 09:32:08.149 GMT-0400,170.39200000000002,170.358,220,75
09.04.2018 09:32:08.593 GMT-0400,170.382,170.347,160,7499.9998
09.04.2018 09:32:09.354 GMT-0400,170.382,170.308,520,150
09.04.2018 09:32:09.493 GMT-0400,170.383,170.317,600,75
09.04.2018 09:32:09.818 GMT-0400,170.33200000000002,170.298,100,450
09.04.2018 09:32:10.129 GMT-0400,170.343,170.297,200,450
09.04.2018 09:32:10.435 GMT-0400,170.322,170.278,300,520
09.04.2018 09:32:10.831 GMT-0400,170.33200000000002,170.298,200,300
09.04.2018 09:32:11.246 GMT-0400,170.313,170.27700000000002,670,450
09.04.2018 09:32:11.857 GMT-0400,170.293,170.258,670,7499.9998
09.04.2018 09:32:12.104 GMT-0400,170.243,170.191,200,7499.9998
09.04.2018 09:32:12.794 GMT-0400,170.24200000000002,170.191,5,7499.9998
09.04.2018 09:32:12.996 GMT-0400,170.283,170.227,220,150
09.04.2018 09:32:13.047 GMT-0400,170.292,170.228,450,150
09.04.2018 09:32:13.670 GMT-0400,170.293,170.227,200,220
09.04.2018 09:32:13.720 GMT-0400,170.293,170.23700000000002,200,300
09.04.2018 09:32:13.821 GMT-0400,170.322,170.258,220,150
09.04.2018 09:32:13.888 GMT-0400,170.33200000000002,170.268,10400,75
09.04.2018 09:32:13.938 GMT-0400,170.323,170.257,10900.0001,75
09.04.2018 09:32:14.142 GMT-0400,170.333,170.287,9999.9998,160
09.04.2018 09:32:14.193 GMT-0400,170.333,170.287,25,150
09.04.2018 09:32:14.958 GMT-0400,170.33200000000002,170.28799999999998,25,150
09.04.2018 09:32:15.008 GMT-0400,170.352,170.31799999999998,10499.9999,300
09.04.2018 09:32:15.109 GMT-0400,170.363,170.317,200,75
09.04.2018 09:32:16.694 GMT-0400,170.36200000000002,170.31799999999998,200,300
09.04.2018 09:32:16.749 GMT-0400,170.383,170.33700000000002,10099.9996,82
09.04.2018 09:32:16.799 GMT-0400,170.383,170.357,200,110
09.04.2018 09:32:17.384 GMT-0400,170.382,170.368,100,75
09.04.2018 09:32:17.793 GMT-0400,170.363,170.343,750,7499.9998
09.04.2018 09:32:17.844 GMT-0400,170.36200000000002,170.328,670,75
09.04.2018 09:32:17.989 GMT-0400,170.352,170.31799999999998,160,10400
09.04.2018 09:32:19.280 GMT-0400,170.33200000000002,170.3,100,7499.9998
09.04.2018 09:32:19.895 GMT-0400,170.333,170.3,220,7499.9998
09.04.2018 09:32:20.229 GMT-0400,170.33200000000002,170.28799999999998,220,150
09.04.2018 09:32:20.474 GMT-0400,170.333,170.278,220,7499.9998
09.04.2018 09:32:20.543 GMT-0400,170.33200000000002,170.28799999999998,220,150
09.04.2018 09:32:20.594 GMT-0400,170.333,170.278,220,7499.9998
09.04.2018 09:32:20.804 GMT-0400,170.33200000000002,170.28799999999998,220,75
09.04.2018 09:32:21.280 GMT-0400,170.293,170.257,10200.0004,170
09.04.2018 09:32:21.330 GMT-0400,170.282,170.24200000000002,10099.9996,7499.9998
09.04.2018 09:32:21.602 GMT-0400,170.273,170.23700000000002,100,220
09.04.2018 09:32:22.061 GMT-0400,170.303,170.257,10599.9997,75
09.04.2018 09:32:22.111 GMT-0400,170.30200000000002,170.248,10599.9997,75
09.04.2018 09:32:22.357 GMT-0400,170.30200000000002,170.268,100,150
09.04.2018 09:32:22.669 GMT-0400,170.303,170.27700000000002,7,150
09.04.2018 09:32:23.320 GMT-0400,170.30200000000002,170.278,7,150
09.04.2018 09:32:24.048 GMT-0400,170.303,170.27700000000002,110,150
09.04.2018 09:32:24.450 GMT-0400,170.333,170.27900000000002,520,7499.9998
09.04.2018 09:32:25.447 GMT-0400,170.333,170.27700000000002,200,750
09.04.2018 09:32:26.209 GMT-0400,170.33200000000002,170.278,200,820
09.04.2018 09:32:26.792 GMT-0400,170.333,170.27700000000002,220,830
09.04.2018 09:32:27.617 GMT-0400,170.333,170.308,220,7499.9998
09.04.2018 09:32:27.920 GMT-0400,170.322,170.308,200,7499.9998
09.04.2018 09:32:28.189 GMT-0400,170.333,170.308,100,7499.9998
09.04.2018 09:32:28.621 GMT-0400,170.333,170.297,200,76
09.04.2018 09:32:29.325 GMT-0400,170.33200000000002,170.308,100,150
09.04.2018 09:32:29.622 GMT-0400,170.323,170.297,110,76
09.04.2018 09:32:29.673 GMT-0400,170.333,170.297,200,76
09.04.2018 09:32:30.037 GMT-0400,170.342,170.298,10700.0005,76
09.04.2018 09:32:30.137 GMT-0400,170.36200000000002,170.308,450,75
09.04.2018 09:32:30.605 GMT-0400,170.383,170.327,10499.9999,160
09.04.2018 09:32:31.107 GMT-0400,170.383,170.327,300,76
09.04.2018 09:32:31.534 GMT-0400,170.382,170.338,100,370
09.04.2018 09:32:32.077 GMT-0400,170.40200000000002,170.358,10200.0004,7
09.04.2018 09:32:32.127 GMT-0400,170.40200000000002,170.358,100,10599.9997
09.04.2018 09:32:32.288 GMT-0400,170.423,170.387,10599.9997,75
09.04.2018 09:32:32.425 GMT-0400,170.43200000000002,170.398,600,150
09.04.2018 09:32:32.476 GMT-0400,170.433,170.387,600,1200.0001
09.04.2018 09:32:32.686 GMT-0400,170.442,170.398,10400,150
09.04.2018 09:32:33.193 GMT-0400,170.453,170.39700000000002,10400,230
09.04.2018 09:32:33.506 GMT-0400,170.453,170.39700000000002,310,450
09.04.2018 09:32:33.557 GMT-0400,170.46200000000002,170.408,370,75
09.04.2018 09:32:33.634 GMT-0400,170.463,170.39700000000002,370,220
09.04.2018 09:32:34.547 GMT-0400,170.463,170.407,450,120
09.04.2018 09:32:35.060 GMT-0400,170.46200000000002,170.408,450,120
09.04.2018 09:32:35.362 GMT-0400,170.452,170.438,200,7499.9998
09.04.2018 09:32:35.520 GMT-0400,170.453,170.407,10099.9996,120
09.04.2018 09:32:35.571 GMT-0400,170.44299999999998,170.407,520,44
09.04.2018 09:32:35.651 GMT-0400,170.453,170.407,10499.9999,44
09.04.2018 09:32:35.988 GMT-0400,170.452,170.398,10400,150
09.04.2018 09:32:36.038 GMT-0400,170.43200000000002,170.398,100,150
09.04.2018 09:32:36.089 GMT-0400,170.44299999999998,170.39700000000002,300,150
09.04.2018 09:32:36.280 GMT-0400,170.43200000000002,170.387,300,7499.9998
09.04.2018 09:32:36.869 GMT-0400,170.422,170.388,300,220
09.04.2018 09:32:37.256 GMT-0400,170.422,170.388,10300.0002,220
09.04.2018 09:32:38.065 GMT-0400,170.403,170.387,100,340
09.04.2018 09:32:38.535 GMT-0400,170.393,170.378,28,7499.9998
09.04.2018 09:32:38.698 GMT-0400,170.403,170.378,300,7499.9998
09.04.2018 09:32:39.536 GMT-0400,170.403,170.377,300,1120
09.04.2018 09:32:39.906 GMT-0400,170.393,170.377,6,150
09.04.2018 09:32:40.210 GMT-0400,170.393,170.37,100,7499.9998
09.04.2018 09:32:40.280 GMT-0400,170.40200000000002,170.37,2,7499.9998
09.04.2018 09:32:41.095 GMT-0400,170.40200000000002,170.368,100,970
09.04.2018 09:32:42.409 GMT-0400,170.40200000000002,170.378,2,150
09.04.2018 09:32:43.045 GMT-0400,170.403,170.377,2,150
09.04.2018 09:32:43.339 GMT-0400,170.40200000000002,170.37099999999998,100,7499.9998
09.04.2018 09:32:43.409 GMT-0400,170.39200000000002,170.37099999999998,110,7499.9998
09.04.2018 09:32:43.599 GMT-0400,170.412,170.368,120,300
09.04.2018 09:32:44.409 GMT-0400,170.393,170.357,310,75
09.04.2018 09:32:44.510 GMT-0400,170.403,170.357,600,150
09.04.2018 09:32:44.859 GMT-0400,170.382,170.34799999999998,10,7499.9998
09.04.2018 09:32:44.910 GMT-0400,170.383,170.33700000000002,220,75
09.04.2018 09:32:44.962 GMT-0400,170.393,170.347,10499.9999,75
09.04.2018 09:32:45.867 GMT-0400,170.39200000000002,170.34799999999998,370,670
09.04.2018 09:32:46.017 GMT-0400,170.41299999999998,170.36700000000002,10400,150
09.04.2018 09:32:46.397 GMT-0400,170.393,170.361,110,7499.9998
09.04.2018 09:32:46.552 GMT-0400,170.412,170.368,390,150
09.04.2018 09:32:46.655 GMT-0400,170.40200000000002,170.368,110,75
09.04.2018 09:32:46.960 GMT-0400,170.412,170.378,120,75
09.04.2018 09:32:47.731 GMT-0400,170.41299999999998,170.377,20,420
09.04.2018 09:32:48.171 GMT-0400,170.40200000000002,170.388,100,150
09.04.2018 09:32:48.381 GMT-0400,170.433,170.407,10099.9996,300
09.04.2018 09:32:48.432 GMT-0400,170.433,170.407,10200.0004,75
09.04.2018 09:32:48.522 GMT-0400,170.423,170.398,10,7499.9998
09.04.2018 09:32:49.031 GMT-0400,170.433,170.407,10200.0004,75
09.04.2018 09:32:49.553 GMT-0400,170.433,170.407,200,150
09.04.2018 09:32:49.832 GMT-0400,170.43200000000002,170.398,450,75
09.04.2018 09:32:50.950 GMT-0400,170.433,170.39700000000002,200,75
09.04.2018 09:32:51.341 GMT-0400,170.433,170.407,200,75
09.04.2018 09:32:51.694 GMT-0400,170.43200000000002,170.418,100,75
09.04.2018 09:32:51.745 GMT-0400,170.463,170.42700000000002,620,75
09.04.2018 09:32:52.068 GMT-0400,170.46200000000002,170.438,220,75
09.04.2018 09:32:52.763 GMT-0400,170.452,170.428,110,150
09.04.2018 09:32:53.049 GMT-0400,170.463,170.437,200,75
09.04.2018 09:32:53.104 GMT-0400,170.452,170.428,10,150
09.04.2018 09:32:53.154 GMT-0400,170.453,170.418,370,7499.9998
09.04.2018 09:32:53.383 GMT-0400,170.442,170.418,670,7499.9998
09.04.2018 09:32:53.433 GMT-0400,170.442,170.408,670,75
09.04.2018 09:32:53.867 GMT-0400,170.433,170.39700000000002,460,670
09.04.2018 09:32:54.170 GMT-0400,170.43200000000002,170.398,10200.0004,670
09.04.2018 09:32:54.221 GMT-0400,170.41299999999998,170.387,10099.9996,300
09.04.2018 09:32:54.271 GMT-0400,170.422,170.398,100,150
09.04.2018 09:32:54.497 GMT-0400,170.43200000000002,170.398,10200.0004,180
09.04.2018 09:32:54.597 GMT-0400,170.423,170.387,520,75
09.04.2018 09:32:54.698 GMT-0400,170.423,170.378,100,7499.9998
09.04.2018 09:32:55.175 GMT-0400,170.423,170.39700000000002,200,150
09.04.2018 09:32:56.129 GMT-0400,170.43200000000002,170.408,100,75
09.04.2018 09:32:56.441 GMT-0400,170.423,170.39700000000002,220,230
09.04.2018 09:32:56.896 GMT-0400,170.423,170.37900000000002,220,7499.9998
09.04.2018 09:32:56.947 GMT-0400,170.403,170.357,750,9999.9998
09.04.2018 09:32:57.320 GMT-0400,170.40200000000002,170.378,200,670
09.04.2018 09:32:57.489 GMT-0400,170.412,170.378,10099.9996,750
09.04.2018 09:32:58.012 GMT-0400,170.412,170.378,100,750
09.04.2018 09:32:59.142 GMT-0400,170.41299999999998,170.377,450,750
09.04.2018 09:32:59.705 GMT-0400,170.393,170.361,100,7499.9998
09.04.2018 09:32:59.756 GMT-0400,170.403,170.347,10400,600
09.04.2018 09:33:00.145 GMT-0400,170.393,170.357,10900.0001,75
09.04.2018 09:33:00.449 GMT-0400,170.393,170.357,10499.9999,150
09.04.2018 09:33:00.550 GMT-0400,170.323,170.301,200,7499.9998
09.04.2018 09:33:00.657 GMT-0400,170.323,170.297,10200.0004,75
09.04.2018 09:33:00.758 GMT-0400,170.323,170.297,200,75
09.04.2018 09:33:01.302 GMT-0400,170.303,170.287,32,320
09.04.2018 09:33:01.399 GMT-0400,170.303,170.27700000000002,200,620
09.04.2018 09:33:01.456 GMT-0400,170.282,170.258,100,600
09.04.2018 09:33:01.508 GMT-0400,170.322,170.258,220,970
09.04.2018 09:33:01.687 GMT-0400,170.312,170.258,600,600
09.04.2018 09:33:02.021 GMT-0400,170.292,170.258,10099.9996,670
09.04.2018 09:33:02.476 GMT-0400,170.293,170.27700000000002,100,220
09.04.2018 09:33:02.976 GMT-0400,170.343,170.27700000000002,10200.0004,300
09.04.2018 09:33:03.073 GMT-0400,170.343,170.27700000000002,200,300
09.04.2018 09:33:03.281 GMT-0400,170.353,170.27700000000002,200,300
09.04.2018 09:33:03.450 GMT-0400,170.36200000000002,170.278,10700.0005,300
09.04.2018 09:33:03.892 GMT-0400,170.372,170.308,10599.9997,600
09.04.2018 09:33:04.008 GMT-0400,170.36200000000002,170.298,10099.9996,75
09.04.2018 09:33:04.161 GMT-0400,170.383,170.317,10400,230
09.04.2018 09:33:04.212 GMT-0400,170.382,170.308,300,150
09.04.2018 09:33:04.317 GMT-0400,170.383,170.297,10400,150
09.04.2018 09:33:04.825 GMT-0400,170.382,170.298,300,450
09.04.2018 09:33:04.964 GMT-0400,170.383,170.317,10400,220
09.04.2018 09:33:05.307 GMT-0400,170.39200000000002,170.338,200,150
09.04.2018 09:33:05.892 GMT-0400,170.423,170.36700000000002,10099.9996,75
09.04.2018 09:33:06.414 GMT-0400,170.423,170.36700000000002,100,370
09.04.2018 09:33:06.918 GMT-0400,170.422,170.368,100,300
09.04.2018 09:33:07.147 GMT-0400,170.43200000000002,170.368,300,370
09.04.2018 09:33:07.198 GMT-0400,170.442,170.368,10700.0005,370
09.04.2018 09:33:07.794 GMT-0400,170.43200000000002,170.368,310,300
09.04.2018 09:33:08.409 GMT-0400,170.433,170.36700000000002,240,450
09.04.2018 09:33:08.721 GMT-0400,170.43200000000002,170.388,300,55
09.04.2018 09:33:09.044 GMT-0400,170.373,170.317,200,370
09.04.2018 09:33:09.165 GMT-0400,170.382,170.31799999999998,150,300
09.04.2018 09:33:09.299 GMT-0400,170.39200000000002,170.34799999999998,10200.0004,82
09.04.2018 09:33:09.349 GMT-0400,170.382,170.338,200,75
09.04.2018 09:33:09.493 GMT-0400,170.352,170.31,100,7499.9998
09.04.2018 09:33:09.815 GMT-0400,170.30200000000002,170.278,200,220
09.04.2018 09:33:09.990 GMT-0400,170.353,170.297,100,670
09.04.2018 09:33:10.091 GMT-0400,170.36200000000002,170.298,200,600
09.04.2018 09:33:10.141 GMT-0400,170.352,170.291,300,7499.9998
09.04.2018 09:33:10.667 GMT-0400,170.353,170.291,200,7499.9998
09.04.2018 09:33:11.163 GMT-0400,170.36200000000002,170.31799999999998,260,7
09.04.2018 09:33:11.214 GMT-0400,170.352,170.298,200,370
09.04.2018 09:33:11.474 GMT-0400,170.352,170.28799999999998,100,300
09.04.2018 09:33:11.538 GMT-0400,170.363,170.297,200,370
09.04.2018 09:33:11.689 GMT-0400,170.36200000000002,170.28799999999998,200,300
09.04.2018 09:33:13.075 GMT-0400,170.36200000000002,170.31799999999998,220,75
09.04.2018 09:33:13.126 GMT-0400,170.342,170.28799999999998,200,220
09.04.2018 09:33:13.293 GMT-0400,170.353,170.287,370,220
09.04.2018 09:33:13.537 GMT-0400,170.352,170.308,220,75
09.04.2018 09:33:14.063 GMT-0400,170.33200000000002,170.298,10,110
09.04.2018 09:33:14.113 GMT-0400,170.312,170.268,200,7499.9998
09.04.2018 09:33:14.164 GMT-0400,170.303,170.268,300,7499.9998
09.04.2018 09:33:14.435 GMT-0400,170.312,170.268,220,10800.0003
09.04.2018 09:33:14.723 GMT-0400,170.293,170.26700000000002,750,220
09.04.2018 09:33:15.250 GMT-0400,170.292,170.268,750,220
09.04.2018 09:33:15.351 GMT-0400,170.333,170.287,10200.0004,7
09.04.2018 09:33:15.402 GMT-0400,170.352,170.298,10800.0003,82
09.04.2018 09:33:15.452 GMT-0400,170.343,170.287,10200.0004,370
09.04.2018 09:33:16.061 GMT-0400,170.342,170.28799999999998,10099.9996,150
09.04.2018 09:33:16.350 GMT-0400,170.342,170.28799999999998,200,150
09.04.2018 09:33:16.661 GMT-0400,170.352,170.298,220,370
09.04.2018 09:33:17.007 GMT-0400,170.342,170.28799999999998,200,75
09.04.2018 09:33:17.352 GMT-0400,170.342,170.308,200,150
09.04.2018 09:33:19.430 GMT-0400,170.343,170.30700000000002,200,87
09.04.2018 09:33:19.988 GMT-0400,170.343,170.31,200,7499.9998
09.04.2018 09:33:20.039 GMT-0400,170.40200000000002,170.328,10800.0003,150
09.04.2018 09:33:20.809 GMT-0400,170.403,170.327,600,150
09.04.2018 09:33:21.310 GMT-0400,170.403,170.33700000000002,600,75
09.04.2018 09:33:22.064 GMT-0400,170.40200000000002,170.34799999999998,220,600
09.04.2018 09:33:22.216 GMT-0400,170.43200000000002,170.368,370,75
09.04.2018 09:33:22.828 GMT-0400,170.44299999999998,170.36700000000002,10200.0004,150
09.04.2018 09:33:22.878 GMT-0400,170.453,170.387,10499.9999,450
09.04.2018 09:33:23.181 GMT-0400,170.453,170.387,370,150
09.04.2018 09:33:23.340 GMT-0400,170.46200000000002,170.388,10499.9999,150
09.04.2018 09:33:23.510 GMT-0400,170.44299999999998,170.377,670,10200.0004
09.04.2018 09:33:23.972 GMT-0400,170.452,170.378,400,150
09.04.2018 09:33:24.023 GMT-0400,170.43200000000002,170.377,520,7499.9998
09.04.2018 09:33:24.404 GMT-0400,170.403,170.358,370,7499.9998
09.04.2018 09:33:24.984 GMT-0400,170.393,170.358,100,7499.9998
09.04.2018 09:33:25.560 GMT-0400,170.39200000000002,170.358,200,670
09.04.2018 09:33:26.213 GMT-0400,170.393,170.357,450,670
09.04.2018 09:33:26.560 GMT-0400,170.383,170.357,370,600
09.04.2018 09:33:27.180 GMT-0400,170.373,170.34900000000002,200,7499.9998
09.04.2018 09:33:27.515 GMT-0400,170.353,170.327,220,75
09.04.2018 09:33:27.583 GMT-0400,170.353,170.317,220,75
09.04.2018 09:33:27.633 GMT-0400,170.333,170.30700000000002,200,87
09.04.2018 09:33:27.853 GMT-0400,170.323,170.287,230,230
09.04.2018 09:33:28.357 GMT-0400,170.293,170.278,160,7499.9998
09.04.2018 09:33:28.471 GMT-0400,170.282,170.268,230,220
09.04.2018 09:33:28.522 GMT-0400,170.313,170.26700000000002,10200.0004,220
09.04.2018 09:33:29.360 GMT-0400,170.322,170.268,300,220
09.04.2018 09:33:29.863 GMT-0400,170.323,170.26700000000002,200,380
09.04.2018 09:33:30.009 GMT-0400,170.342,170.28799999999998,10200.0004,82
09.04.2018 09:33:30.059 GMT-0400,170.342,170.278,10099.9996,300
09.04.2018 09:33:30.318 GMT-0400,170.342,170.312,10200.0004,150
09.04.2018 09:33:30.472 GMT-0400,170.33200000000002,170.278,450,150
09.04.2018 09:33:30.989 GMT-0400,170.36200000000002,170.298,10400,76
09.04.2018 09:33:31.388 GMT-0400,170.372,170.298,220,150
09.04.2018 09:33:31.604 GMT-0400,170.382,170.298,300,150
09.04.2018 09:33:32.326 GMT-0400,170.382,170.298,10400,150
09.04.2018 09:33:32.890 GMT-0400,170.353,170.30700000000002,200,150
09.04.2018 09:33:33.405 GMT-0400,170.352,170.308,10200.0004,220
09.04.2018 09:33:34.409 GMT-0400,170.343,170.30700000000002,10300.0002,220
09.04.2018 09:33:34.748 GMT-0400,170.322,170.298,100,750
09.04.2018 09:33:35.192 GMT-0400,170.343,170.30700000000002,10400,150
09.04.2018 09:33:35.528 GMT-0400,170.322,170.308,100,140
09.04.2018 09:33:35.982 GMT-0400,170.312,170.298,100,750
09.04.2018 09:33:36.033 GMT-0400,170.33200000000002,170.298,10099.9996,750
09.04.2018 09:33:36.310 GMT-0400,170.27200000000002,170.26,100,7499.9998
09.04.2018 09:33:36.383 GMT-0400,170.283,170.26,100,7499.9998
09.04.2018 09:33:36.484 GMT-0400,170.283,170.25,520,7499.9998
09.04.2018 09:33:36.535 GMT-0400,170.283,170.247,10700.0005,530
09.04.2018 09:33:37.288 GMT-0400,170.312,170.248,10499.9999,410
09.04.2018 09:33:37.520 GMT-0400,170.312,170.248,370,410
09.04.2018 09:33:38.024 GMT-0400,170.292,170.248,100,490
09.04.2018 09:33:38.915 GMT-0400,170.283,170.247,100,750
09.04.2018 09:33:39.314 GMT-0400,170.263,170.247,100,680
09.04.2018 09:33:40.428 GMT-0400,170.303,170.257,10499.9999,75
09.04.2018 09:33:40.876 GMT-0400,170.33200000000002,170.278,220,150
09.04.2018 09:33:41.094 GMT-0400,170.342,170.278,370,150
09.04.2018 09:33:41.194 GMT-0400,170.342,170.28799999999998,200,190
09.04.2018 09:33:41.593 GMT-0400,170.383,170.331,10400,120
09.04.2018 09:33:41.643 GMT-0400,170.383,170.327,10300.0002,150
09.04.2018 09:33:41.712 GMT-0400,170.383,170.327,230,150
09.04.2018 09:33:42.001 GMT-0400,170.39200000000002,170.328,300,150
09.04.2018 09:33:42.330 GMT-0400,170.39200000000002,170.338,300,970
09.04.2018 09:33:42.433 GMT-0400,170.40200000000002,170.338,12500.0002,1050
09.04.2018 09:33:43.048 GMT-0400,170.40200000000002,170.338,1420,1050
09.04.2018 09:33:44.141 GMT-0400,170.403,170.36700000000002,1420,75
09.04.2018 09:33:45.025 GMT-0400,170.40200000000002,170.368,1420,150
09.04.2018 09:33:45.307 GMT-0400,170.43200000000002,170.368,10099.9996,520
09.04.2018 09:33:45.357 GMT-0400,170.433,170.377,10099.9996,300
09.04.2018 09:33:45.745 GMT-0400,170.433,170.377,1,370
09.04.2018 09:33:46.473 GMT-0400,170.41299999999998,170.377,1,370
09.04.2018 09:33:47.082 GMT-0400,170.40200000000002,170.373,110,7499.9998
09.04.2018 09:33:47.133 GMT-0400,170.41299999999998,170.373,380,7499.9998
09.04.2018 09:33:47.818 GMT-0400,170.41299999999998,170.377,1,670
09.04.2018 09:33:48.320 GMT-0400,170.412,170.378,1,670
09.04.2018 09:33:48.588 GMT-0400,170.433,170.382,300,7499.9998
09.04.2018 09:33:48.639 GMT-0400,170.452,170.398,10800.0003,150
09.04.2018 09:33:48.989 GMT-0400,170.433,170.39700000000002,390,370
09.04.2018 09:33:49.504 GMT-0400,170.43200000000002,170.39200000000002,390,7499.9998
09.04.2018 09:33:49.972 GMT-0400,170.433,170.377,390,670
09.04.2018 09:33:50.139 GMT-0400,170.433,170.415,390,140
09.04.2018 09:33:50.190 GMT-0400,170.463,170.42700000000002,10099.9996,24
09.04.2018 09:33:50.341 GMT-0400,170.47299999999998,170.42700000000002,100,220
09.04.2018 09:33:50.870 GMT-0400,170.472,170.428,100,220
09.04.2018 09:33:51.072 GMT-0400,170.472,170.438,10,150
09.04.2018 09:33:51.308 GMT-0400,170.46200000000002,170.408,680,7499.9998
09.04.2018 09:33:51.359 GMT-0400,170.453,170.408,160,7499.9998
09.04.2018 09:33:51.742 GMT-0400,170.47299999999998,170.42700000000002,200,75
09.04.2018 09:33:51.793 GMT-0400,170.482,170.428,9999.9998,150
09.04.2018 09:33:52.332 GMT-0400,170.483,170.42700000000002,10,150
09.04.2018 09:33:52.433 GMT-0400,170.52200000000002,170.468,10599.9997,150
09.04.2018 09:33:52.584 GMT-0400,170.532,170.478,10499.9999,150
09.04.2018 09:33:53.104 GMT-0400,170.542,170.47299999999998,10499.9999,7499.9998
09.04.2018 09:33:53.154 GMT-0400,170.542,170.498,10200.0004,75
09.04.2018 09:33:53.499 GMT-0400,170.553,170.497,10,10499.9999
09.04.2018 09:33:54.034 GMT-0400,170.55200000000002,170.498,160,300
09.04.2018 09:33:54.575 GMT-0400,170.553,170.497,10,530
09.04.2018 09:33:55.243 GMT-0400,170.55200000000002,170.498,110,530
09.04.2018 09:33:55.293 GMT-0400,170.553,170.507,110,520
09.04.2018 09:33:55.824 GMT-0400,170.55200000000002,170.508,110,1
09.04.2018 09:33:56.176 GMT-0400,170.55200000000002,170.528,10,76
09.04.2018 09:33:56.684 GMT-0400,170.553,170.52700000000002,10,150
09.04.2018 09:33:57.016 GMT-0400,170.553,170.513,10,7499.9998
09.04.2018 09:33:57.500 GMT-0400,170.553,170.497,160,750
09.04.2018 09:33:58.023 GMT-0400,170.55200000000002,170.498,160,680
09.04.2018 09:33:58.972 GMT-0400,170.553,170.497,160,600
09.04.2018 09:33:59.520 GMT-0400,170.55200000000002,170.498,160,600
09.04.2018 09:34:00.644 GMT-0400,170.562,170.53799999999998,200,150
09.04.2018 09:34:00.702 GMT-0400,170.593,170.52700000000002,10800.0003,76
09.04.2018 09:34:00.916 GMT-0400,170.593,170.52700000000002,10800.0003,76
09.04.2018 09:34:01.197 GMT-0400,170.55200000000002,170.51700000000002,100,7499.9998
09.04.2018 09:34:01.532 GMT-0400,170.533,170.5,100,9999.9998
09.04.2018 09:34:02.016 GMT-0400,170.52200000000002,170.5,10,7499.9998
09.04.2018 09:34:02.067 GMT-0400,170.533,170.497,10200.0004,600
09.04.2018 09:34:02.139 GMT-0400,170.523,170.497,110,600
09.04.2018 09:34:02.239 GMT-0400,170.513,170.477,10099.9996,49
09.04.2018 09:34:02.290 GMT-0400,170.49200000000002,170.478,100,130
09.04.2018 09:34:02.848 GMT-0400,170.493,170.477,100,40
09.04.2018 09:34:02.999 GMT-0400,170.482,170.45900000000003,100,7499.9998
09.04.2018 09:34:03.236 GMT-0400,170.463,170.437,10,75
09.04.2018 09:34:03.334 GMT-0400,170.483,170.437,10200.0004,150
09.04.2018 09:34:03.485 GMT-0400,170.482,170.448,10200.0004,150
09.04.2018 09:34:04.238 GMT-0400,170.482,170.428,200,450
09.04.2018 09:34:04.875 GMT-0400,170.483,170.42700000000002,200,10499.9999
09.04.2018 09:34:05.143 GMT-0400,170.482,170.458,200,75
09.04.2018 09:34:05.305 GMT-0400,170.482,170.448,200,7499.9998
09.04.2018 09:34:05.357 GMT-0400,170.463,170.448,110,7499.9998
09.04.2018 09:34:05.408 GMT-0400,170.463,170.412,300,7499.9998
09.04.2018 09:34:05.651 GMT-0400,170.442,170.412,200,7499.9998
09.04.2018 09:34:05.702 GMT-0400,170.442,170.398,200,75
09.04.2018 09:34:05.772 GMT-0400,170.423,170.387,160,820
09.04.2018 09:34:05.929 GMT-0400,170.43200000000002,170.388,200,820
09.04.2018 09:34:06.244 GMT-0400,170.44299999999998,170.387,200,820
09.04.2018 09:34:07.279 GMT-0400,170.423,170.387,10,670
09.04.2018 09:34:07.666 GMT-0400,170.44299999999998,170.387,300,150
09.04.2018 09:34:07.717 GMT-0400,170.442,170.398,200,150
09.04.2018 09:34:07.823 GMT-0400,170.442,170.388,200,150
09.04.2018 09:34:08.320 GMT-0400,170.442,170.398,200,75
09.04.2018 09:34:09.458 GMT-0400,170.44299999999998,170.407,200,220
09.04.2018 09:34:10.091 GMT-0400,170.483,170.45700000000002,220,75
09.04.2018 09:34:10.321 GMT-0400,170.52200000000002,170.488,100,75
09.04.2018 09:34:10.423 GMT-0400,170.512,170.468,200,10099.9996
09.04.2018 09:34:10.957 GMT-0400,170.513,170.468,100,7499.9998
09.04.2018 09:34:11.007 GMT-0400,170.523,170.48700000000002,200,150
09.04.2018 09:34:11.323 GMT-0400,170.532,170.508,190,75
09.04.2018 09:34:11.374 GMT-0400,170.533,170.497,190,220
09.04.2018 09:34:11.733 GMT-0400,170.553,170.51700000000002,10099.9996,75
09.04.2018 09:34:12.059 GMT-0400,170.542,170.518,100,75
09.04.2018 09:34:12.318 GMT-0400,170.553,170.52700000000002,150,75
09.04.2018 09:34:12.452 GMT-0400,170.553,170.51700000000002,150,900
09.04.2018 09:34:12.503 GMT-0400,170.55200000000002,170.528,100,150
09.04.2018 09:34:13.003 GMT-0400,170.58200000000002,170.548,29,150
09.04.2018 09:34:13.084 GMT-0400,170.573,170.547,200,150
09.04.2018 09:34:13.135 GMT-0400,170.572,170.53799999999998,100,150
09.04.2018 09:34:13.235 GMT-0400,170.58200000000002,170.548,79,150
09.04.2018 09:34:13.584 GMT-0400,170.573,170.548,470,7499.9998
09.04.2018 09:34:13.894 GMT-0400,170.573,170.547,10599.9997,150
09.04.2018 09:34:13.944 GMT-0400,170.55200000000002,170.528,470,300
09.04.2018 09:34:14.137 GMT-0400,170.55200000000002,170.53799999999998,320,150
09.04.2018 09:34:14.188 GMT-0400,170.592,170.548,10700.0005,75
09.04.2018 09:34:14.348 GMT-0400,170.603,170.577,190,75
09.04.2018 09:34:14.654 GMT-0400,170.593,170.567,100,450
09.04.2018 09:34:15.401 GMT-0400,170.583,170.55200000000002,100,7499.9998
09.04.2018 09:34:15.501 GMT-0400,170.581,170.528,9999.9998,7499.9998
09.04.2018 09:34:15.702 GMT-0400,170.513,170.477,10300.0002,150
09.04.2018 09:34:16.037 GMT-0400,170.542,170.528,200,75
09.04.2018 09:34:16.563 GMT-0400,170.572,170.548,260,75
09.04.2018 09:34:17.069 GMT-0400,170.573,170.547,190,150
09.04.2018 09:34:17.324 GMT-0400,170.572,170.53799999999998,10300.0002,820
09.04.2018 09:34:17.381 GMT-0400,170.572,170.53900000000002,260,7499.9998
09.04.2018 09:34:18.214 GMT-0400,170.573,170.53900000000002,260,7499.9998
09.04.2018 09:34:18.341 GMT-0400,170.572,170.548,230,1
09.04.2018 09:34:19.049 GMT-0400,170.573,170.547,230,1
09.04.2018 09:34:19.788 GMT-0400,170.572,170.548,230,300
09.04.2018 09:34:20.111 GMT-0400,170.592,170.56799999999998,10099.9996,75
09.04.2018 09:34:20.558 GMT-0400,170.603,170.577,10300.0002,310
09.04.2018 09:34:20.934 GMT-0400,170.602,170.56799999999998,190,600
09.04.2018 09:34:21.550 GMT-0400,170.592,170.56799999999998,100,670
09.04.2018 09:34:22.122 GMT-0400,170.593,170.567,100,150
09.04.2018 09:34:22.475 GMT-0400,170.603,170.577,190,160
09.04.2018 09:34:22.526 GMT-0400,170.633,170.597,100,450
09.04.2018 09:34:23.446 GMT-0400,170.632,170.59799999999998,100,750
09.04.2018 09:34:24.289 GMT-0400,170.623,170.597,200,830
09.04.2018 09:34:24.658 GMT-0400,170.66299999999998,170.627,10099.9996,310
09.04.2018 09:34:24.836 GMT-0400,170.66299999999998,170.618,10099.9996,7499.9998
09.04.2018 09:34:24.886 GMT-0400,170.66299999999998,170.627,10200.0004,150
09.04.2018 09:34:25.483 GMT-0400,170.662,170.628,200,220
09.04.2018 09:34:26.152 GMT-0400,170.66299999999998,170.627,100,450
09.04.2018 09:34:26.827 GMT-0400,170.66299999999998,170.637,100,220
09.04.2018 09:34:27.467 GMT-0400,170.662,170.638,100,980
09.04.2018 09:34:27.518 GMT-0400,170.683,170.64700000000002,10200.0004,7
09.04.2018 09:34:27.728 GMT-0400,170.68200000000002,170.638,200,970
09.04.2018 09:34:28.105 GMT-0400,170.662,170.628,380,370
09.04.2018 09:34:28.741 GMT-0400,170.66299999999998,170.627,100,150
09.04.2018 09:34:29.143 GMT-0400,170.636,170.62099999999998,97,7499.9998
09.04.2018 09:34:29.244 GMT-0400,170.632,170.61,200,7499.9998
09.04.2018 09:34:29.399 GMT-0400,170.623,170.59799999999998,10,7499.9998
09.04.2018 09:34:29.500 GMT-0400,170.633,170.59799999999998,520,7499.9998
09.04.2018 09:34:30.100 GMT-0400,170.632,170.59799999999998,450,7499.9998
09.04.2018 09:34:30.245 GMT-0400,170.632,170.56799999999998,450,150
09.04.2018 09:34:30.326 GMT-0400,170.633,170.597,200,370
09.04.2018 09:34:30.467 GMT-0400,170.64200000000002,170.59799999999998,410,370
09.04.2018 09:34:30.518 GMT-0400,170.653,170.597,10499.9999,450
09.04.2018 09:34:30.978 GMT-0400,170.653,170.607,520,75
09.04.2018 09:34:31.303 GMT-0400,170.632,170.58200000000002,10300.0002,7499.9998
09.04.2018 09:34:31.353 GMT-0400,170.633,170.597,10400,370
09.04.2018 09:34:31.468 GMT-0400,170.623,170.58200000000002,220,7499.9998
09.04.2018 09:34:31.519 GMT-0400,170.61200000000002,170.58200000000002,600,7499.9998
09.04.2018 09:34:31.682 GMT-0400,170.623,170.58200000000002,370,7499.9998
09.04.2018 09:34:32.146 GMT-0400,170.632,170.59799999999998,340,75
09.04.2018 09:34:32.375 GMT-0400,170.64200000000002,170.59799999999998,10599.9997,750
09.04.2018 09:34:35.165 GMT-0400,170.61200000000002,170.59799999999998,100,900
09.04.2018 09:34:35.481 GMT-0400,170.64200000000002,170.608,10999.9999,75
09.04.2018 09:34:35.532 GMT-0400,170.64200000000002,170.59799999999998,10999.9999,750
09.04.2018 09:34:36.050 GMT-0400,170.653,170.597,10599.9997,750
09.04.2018 09:34:36.302 GMT-0400,170.673,170.627,10400,220
09.04.2018 09:34:36.412 GMT-0400,170.672,170.64700000000002,10300.0002,150
09.04.2018 09:34:37.280 GMT-0400,170.673,170.64700000000002,220,150
09.04.2018 09:34:37.330 GMT-0400,170.683,170.64700000000002,300,150
09.04.2018 09:34:37.833 GMT-0400,170.703,170.667,10300.0002,150
09.04.2018 09:34:37.991 GMT-0400,170.683,170.64700000000002,100,180
09.04.2018 09:34:38.041 GMT-0400,170.702,170.668,10300.0002,75
09.04.2018 09:34:39.005 GMT-0400,170.703,170.667,260,370
09.04.2018 09:34:39.552 GMT-0400,170.74200000000002,170.698,400,10099.9996
09.04.2018 09:34:39.602 GMT-0400,170.732,170.698,100,10099.9996
09.04.2018 09:34:39.892 GMT-0400,170.74200000000002,170.698,370,10099.9996
09.04.2018 09:34:40.005 GMT-0400,170.71,170.698,200,7499.9998
09.04.2018 09:34:40.056 GMT-0400,170.703,170.67700000000002,220,75
09.04.2018 09:34:40.107 GMT-0400,170.702,170.668,220,450
09.04.2018 09:34:40.220 GMT-0400,170.692,170.668,670,370
09.04.2018 09:34:40.288 GMT-0400,170.702,170.668,450,370
09.04.2018 09:34:40.396 GMT-0400,170.703,170.67700000000002,100,450
09.04.2018 09:34:41.118 GMT-0400,170.69299999999998,170.667,10099.9996,370
09.04.2018 09:34:41.168 GMT-0400,170.65200000000002,170.628,100,670
09.04.2018 09:34:41.481 GMT-0400,170.66299999999998,170.627,300,74
09.04.2018 09:34:41.582 GMT-0400,170.673,170.627,10599.9997,220
09.04.2018 09:34:41.640 GMT-0400,170.65200000000002,170.618,110,450
09.04.2018 09:34:41.729 GMT-0400,170.673,170.627,10599.9997,75
09.04.2018 09:34:42.453 GMT-0400,170.673,170.627,450,370
09.04.2018 09:34:43.419 GMT-0400,170.68200000000002,170.628,450,450
09.04.2018 09:34:43.520 GMT-0400,170.69299999999998,170.627,300,450
09.04.2018 09:34:43.571 GMT-0400,170.692,170.638,300,75
09.04.2018 09:34:43.706 GMT-0400,170.702,170.638,220,220
09.04.2018 09:34:44.977 GMT-0400,170.703,170.64700000000002,450,11
09.04.2018 09:34:46.324 GMT-0400,170.702,170.648,300,180
09.04.2018 09:34:46.656 GMT-0400,170.69299999999998,170.64700000000002,220,170
09.04.2018 09:34:47.322 GMT-0400,170.692,170.658,100,450
09.04.2018 09:34:47.988 GMT-0400,170.69299999999998,170.657,100,980
09.04.2018 09:34:49.367 GMT-0400,170.683,170.657,200,1050
09.04.2018 09:34:49.709 GMT-0400,170.683,170.667,100,120
09.04.2018 09:34:50.060 GMT-0400,170.692,170.668,100,120
09.04.2018 09:34:50.147 GMT-0400,170.69299999999998,170.67700000000002,100,75
09.04.2018 09:34:50.199 GMT-0400,170.713,170.67700000000002,10200.0004,150
09.04.2018 09:34:50.436 GMT-0400,170.722,170.688,100,600
09.04.2018 09:34:50.587 GMT-0400,170.733,170.687,49,600
09.04.2018 09:34:50.707 GMT-0400,170.732,170.698,49,600
09.04.2018 09:34:51.044 GMT-0400,170.752,170.728,100,150
09.04.2018 09:34:51.382 GMT-0400,170.752,170.738,100,1050
09.04.2018 09:34:51.601 GMT-0400,170.763,170.747,100,75
09.04.2018 09:34:51.755 GMT-0400,170.77200000000002,170.748,200,75
09.04.2018 09:34:51.855 GMT-0400,170.77200000000002,170.738,10599.9997,900
09.04.2018 09:34:52.502 GMT-0400,170.783,170.747,10200.0004,230
09.04.2018 09:34:52.552 GMT-0400,170.782,170.738,10200.0004,1500
09.04.2018 09:34:52.822 GMT-0400,170.782,170.738,200,1650
09.04.2018 09:34:53.142 GMT-0400,170.782,170.747,200,7499.9998
09.04.2018 09:34:53.610 GMT-0400,170.77200000000002,170.738,10200.0004,1500
09.04.2018 09:34:54.146 GMT-0400,170.783,170.747,370,75
09.04.2018 09:34:55.501 GMT-0400,170.80200000000002,170.758,11199.9996,670
09.04.2018 09:34:56.028 GMT-0400,170.792,170.758,100,750
09.04.2018 09:34:56.385 GMT-0400,170.793,170.76700000000002,100,75
09.04.2018 09:34:56.913 GMT-0400,170.793,170.757,100,750
09.04.2018 09:34:57.605 GMT-0400,170.792,170.758,100,680
09.04.2018 09:34:57.656 GMT-0400,170.793,170.757,10099.9996,670
09.04.2018 09:34:58.266 GMT-0400,170.783,170.747,9999.9998,970
09.04.2018 09:34:58.630 GMT-0400,170.792,170.748,200,1120
09.04.2018 09:34:59.170 GMT-0400,170.792,170.758,100,75
09.04.2018 09:34:59.292 GMT-0400,170.793,170.747,370,1050
09.04.2018 09:34:59.493 GMT-0400,170.793,170.757,300,750
09.04.2018 09:34:59.917 GMT-0400,170.80200000000002,170.768,960,10200.0004
09.04.2018 09:35:00.269 GMT-0400,170.792,170.748,10300.0002,730
09.04.2018 09:35:00.514 GMT-0400,170.80200000000002,170.758,11099.9998,130
09.04.2018 09:35:00.832 GMT-0400,170.783,170.757,50,57
09.04.2018 09:35:00.935 GMT-0400,170.782,170.748,150,510
09.04.2018 09:35:01.588 GMT-0400,170.783,170.747,150,590
09.04.2018 09:35:02.187 GMT-0400,170.782,170.748,150,140
09.04.2018 09:35:02.594 GMT-0400,170.77200000000002,170.748,100,890
09.04.2018 09:35:03.292 GMT-0400,170.773,170.747,200,740
09.04.2018 09:35:03.758 GMT-0400,170.762,170.74200000000002,110,7499.9998
09.04.2018 09:35:04.070 GMT-0400,170.762,170.748,100,75
09.04.2018 09:35:04.121 GMT-0400,170.783,170.747,10300.0002,75
09.04.2018 09:35:05.006 GMT-0400,170.793,170.73700000000002,370,900
09.04.2018 09:35:05.455 GMT-0400,170.756,170.73700000000002,520,900
09.04.2018 09:35:05.556 GMT-0400,170.793,170.73700000000002,10499.9999,900
09.04.2018 09:35:06.006 GMT-0400,170.793,170.747,10499.9999,7
09.04.2018 09:35:06.057 GMT-0400,170.792,170.738,10499.9999,970
09.04.2018 09:35:06.462 GMT-0400,170.783,170.73700000000002,450,900
09.04.2018 09:35:07.101 GMT-0400,170.782,170.738,100,900
09.04.2018 09:35:07.699 GMT-0400,170.783,170.73700000000002,100,970
09.04.2018 09:35:07.750 GMT-0400,170.793,170.73700000000002,370,970
09.04.2018 09:35:08.319 GMT-0400,170.80200000000002,170.748,810,600
09.04.2018 09:35:08.799 GMT-0400,170.803,170.76700000000002,810,75
09.04.2018 09:35:09.008 GMT-0400,170.80200000000002,170.758,880,75
09.04.2018 09:35:09.519 GMT-0400,170.792,170.758,100,150
09.04.2018 09:35:10.265 GMT-0400,170.793,170.757,100,150
09.04.2018 09:35:10.646 GMT-0400,170.792,170.758,10499.9999,75
09.04.2018 09:35:10.747 GMT-0400,170.77200000000002,170.738,380,900
09.04.2018 09:35:10.897 GMT-0400,170.762,170.728,10400,610
09.04.2018 09:35:11.239 GMT-0400,170.753,170.73700000000002,200,170
09.04.2018 09:35:11.351 GMT-0400,170.74200000000002,170.722,170,7499.9998
09.04.2018 09:35:11.957 GMT-0400,170.733,170.71099999999998,10,7499.9998
09.04.2018 09:35:12.057 GMT-0400,170.743,170.717,200,75
09.04.2018 09:35:12.594 GMT-0400,170.74200000000002,170.718,200,300
09.04.2018 09:35:13.159 GMT-0400,170.743,170.717,200,280
09.04.2018 09:35:13.358 GMT-0400,170.733,170.697,100,300
09.04.2018 09:35:13.503 GMT-0400,170.74200000000002,170.698,220,370
09.04.2018 09:35:13.797 GMT-0400,170.74200000000002,170.718,220,75
09.04.2018 09:35:14.095 GMT-0400,170.72299999999998,170.692,110,7499.9998
09.04.2018 09:35:14.622 GMT-0400,170.69299999999998,170.67700000000002,10,600
09.04.2018 09:35:14.750 GMT-0400,170.713,170.687,100,150
09.04.2018 09:35:14.851 GMT-0400,170.703,170.67700000000002,160,670
09.04.2018 09:35:14.902 GMT-0400,170.703,170.657,10499.9999,450
09.04.2018 09:35:14.953 GMT-0400,170.713,170.667,10200.0004,75
09.04.2018 09:35:15.003 GMT-0400,170.713,170.657,10499.9999,450
09.04.2018 09:35:15.512 GMT-0400,170.71200000000002,170.658,10099.9996,750
09.04.2018 09:35:15.892 GMT-0400,170.713,170.657,200,450
09.04.2018 09:35:16.119 GMT-0400,170.703,170.657,670,450
09.04.2018 09:35:16.468 GMT-0400,170.703,170.667,200,75
09.04.2018 09:35:16.957 GMT-0400,170.702,170.668,10499.9999,150
09.04.2018 09:35:17.060 GMT-0400,170.673,170.657,56,450
09.04.2018 09:35:17.344 GMT-0400,170.68200000000002,170.668,2,220
09.04.2018 09:35:17.445 GMT-0400,170.68200000000002,170.658,12,450
09.04.2018 09:35:17.848 GMT-0400,170.673,170.637,750,730
09.04.2018 09:35:17.909 GMT-0400,170.68200000000002,170.648,10400,75
09.04.2018 09:35:18.160 GMT-0400,170.713,170.67700000000002,670,75
09.04.2018 09:35:18.211 GMT-0400,170.692,170.678,1,75
09.04.2018 09:35:18.520 GMT-0400,170.683,170.667,3,150
09.04.2018 09:35:18.621 GMT-0400,170.692,170.668,1,210
09.04.2018 09:35:19.007 GMT-0400,170.672,170.648,230,150
09.04.2018 09:35:19.372 GMT-0400,170.673,170.64200000000002,370,7499.9998
09.04.2018 09:35:19.433 GMT-0400,170.68200000000002,170.64200000000002,300,7499.9998
09.04.2018 09:35:19.991 GMT-0400,170.683,170.627,670,150
09.04.2018 09:35:20.236 GMT-0400,170.673,170.627,450,150
09.04.2018 09:35:20.592 GMT-0400,170.673,170.61700000000002,370,10999.9999
09.04.2018 09:35:21.317 GMT-0400,170.673,170.627,200,75
09.04.2018 09:35:21.888 GMT-0400,170.672,170.628,520,140
09.04.2018 09:35:22.423 GMT-0400,170.673,170.627,10700.0005,290
09.04.2018 09:35:22.980 GMT-0400,170.672,170.638,200,520
09.04.2018 09:35:23.451 GMT-0400,170.692,170.658,10099.9996,1
09.04.2018 09:35:23.502 GMT-0400,170.66299999999998,170.64000000000001,29,7499.9998
09.04.2018 09:35:24.156 GMT-0400,170.68200000000002,170.64000000000001,10499.9999,7499.9998
09.04.2018 09:35:24.450 GMT-0400,170.703,170.637,300,210
09.04.2018 09:35:24.500 GMT-0400,170.69299999999998,170.637,200,210
09.04.2018 09:35:25.599 GMT-0400,170.69299999999998,170.64700000000002,200,600
09.04.2018 09:35:25.963 GMT-0400,170.71200000000002,170.658,670,450
09.04.2018 09:35:26.085 GMT-0400,170.71200000000002,170.648,670,450
09.04.2018 09:35:26.538 GMT-0400,170.71200000000002,170.678,300,75
09.04.2018 09:35:26.589 GMT-0400,170.713,170.668,300,7499.9998
09.04.2018 09:35:26.849 GMT-0400,170.71200000000002,170.678,300,530
09.04.2018 09:35:26.899 GMT-0400,170.74200000000002,170.688,10400,750
09.04.2018 09:35:26.950 GMT-0400,170.743,170.70700000000002,200,75
09.04.2018 09:35:27.276 GMT-0400,170.732,170.708,220,3
09.04.2018 09:35:27.377 GMT-0400,170.722,170.688,100,150
09.04.2018 09:35:27.428 GMT-0400,170.732,170.688,750,150
09.04.2018 09:35:27.579 GMT-0400,170.743,170.687,10599.9997,10200.0004
09.04.2018 09:35:27.696 GMT-0400,170.732,170.688,670,150
09.04.2018 09:35:27.763 GMT-0400,170.74200000000002,170.688,10499.9999,150
09.04.2018 09:35:28.236 GMT-0400,170.732,170.688,670,150
09.04.2018 09:35:29.092 GMT-0400,170.733,170.697,670,7
09.04.2018 09:35:29.142 GMT-0400,170.743,170.687,10499.9999,150
09.04.2018 09:35:29.222 GMT-0400,170.74200000000002,170.698,10499.9999,63
09.04.2018 09:35:29.587 GMT-0400,170.71200000000002,170.698,2,210
09.04.2018 09:35:29.672 GMT-0400,170.743,170.697,10499.9999,210
09.04.2018 09:35:30.103 GMT-0400,170.743,170.70700000000002,100,7499.9998
09.04.2018 09:35:30.153 GMT-0400,170.752,170.738,220,75
09.04.2018 09:35:30.720 GMT-0400,170.763,170.73700000000002,220,58
09.04.2018 09:35:30.972 GMT-0400,170.762,170.748,220,15
09.04.2018 09:35:31.022 GMT-0400,170.762,170.728,300,10099.9996
09.04.2018 09:35:31.243 GMT-0400,170.762,170.728,10400,75
09.04.2018 09:35:31.293 GMT-0400,170.74200000000002,170.718,200,110
09.04.2018 09:35:31.358 GMT-0400,170.743,170.70700000000002,10200.0004,10400
09.04.2018 09:35:31.597 GMT-0400,170.752,170.718,10099.9996,600
09.04.2018 09:35:32.005 GMT-0400,170.763,170.727,10300.0002,380
09.04.2018 09:35:32.108 GMT-0400,170.763,170.73700000000002,210,150
09.04.2018 09:35:32.159 GMT-0400,170.763,170.747,210,150
09.04.2018 09:35:32.316 GMT-0400,170.773,170.747,200,150
09.04.2018 09:35:32.366 GMT-0400,170.773,170.757,200,75
09.04.2018 09:35:32.605 GMT-0400,170.773,170.747,200,370
09.04.2018 09:35:32.863 GMT-0400,170.773,170.73700000000002,200,75
09.04.2018 09:35:32.913 GMT-0400,170.763,170.73,100,7499.9998
09.04.2018 09:35:33.049 GMT-0400,170.77200000000002,170.738,100,380
09.04.2018 09:35:33.319 GMT-0400,170.773,170.747,100,140
09.04.2018 09:35:33.593 GMT-0400,170.803,170.747,1150,440
09.04.2018 09:35:34.496 GMT-0400,170.80200000000002,170.748,1220,440
09.04.2018 09:35:35.138 GMT-0400,170.80200000000002,170.768,850,150
09.04.2018 09:35:35.659 GMT-0400,170.803,170.76700000000002,850,75
09.04.2018 09:35:36.269 GMT-0400,170.812,170.778,9999.9998,680
09.04.2018 09:35:36.320 GMT-0400,170.83200000000002,170.798,10200.0004,75
09.04.2018 09:35:36.486 GMT-0400,170.842,170.808,750,370
09.04.2018 09:35:37.026 GMT-0400,170.843,170.80700000000002,600,380
09.04.2018 09:35:37.362 GMT-0400,170.86200000000002,170.828,120,150
09.04.2018 09:35:37.412 GMT-0400,170.872,170.828,10300.0002,150
09.04.2018 09:35:37.710 GMT-0400,170.872,170.852,10099.9996,42
09.04.2018 09:35:37.760 GMT-0400,170.86200000000002,170.838,180,75
09.04.2018 09:35:38.543 GMT-0400,170.863,170.83700000000002,130,300
09.04.2018 09:35:38.644 GMT-0400,170.873,170.83700000000002,50,300
09.04.2018 09:35:38.699 GMT-0400,170.882,170.84799999999998,460,83
09.04.2018 09:35:38.750 GMT-0400,170.882,170.838,680,300
09.04.2018 09:35:39.260 GMT-0400,170.883,170.847,460,150
09.04.2018 09:35:39.315 GMT-0400,170.882,170.838,760,300
09.04.2018 09:35:39.485 GMT-0400,170.882,170.84799999999998,680,370
09.04.2018 09:35:40.606 GMT-0400,170.882,170.858,10900.0001,270
09.04.2018 09:35:40.982 GMT-0400,170.863,170.847,100,820
09.04.2018 09:35:41.369 GMT-0400,170.882,170.84799999999998,10900.0001,820
09.04.2018 09:35:41.467 GMT-0400,170.882,170.858,10900.0001,220
09.04.2018 09:35:42.482 GMT-0400,170.89200000000002,170.858,550,520
09.04.2018 09:35:42.533 GMT-0400,170.882,170.858,370,820
09.04.2018 09:35:42.853 GMT-0400,170.883,170.86700000000002,370,75
09.04.2018 09:35:43.135 GMT-0400,170.90200000000002,170.878,1429.9999,160
09.04.2018 09:35:43.888 GMT-0400,170.903,170.877,11900.0003,220
09.04.2018 09:35:44.182 GMT-0400,170.93200000000002,170.898,10700.0005,220
09.04.2018 09:35:44.234 GMT-0400,170.93200000000002,170.898,500,220
09.04.2018 09:35:44.527 GMT-0400,170.93200000000002,170.908,200,160
09.04.2018 09:35:44.890 GMT-0400,170.93200000000002,170.918,160,63
09.04.2018 09:35:45.198 GMT-0400,170.96200000000002,170.928,10800.0003,130
09.04.2018 09:35:45.299 GMT-0400,170.96200000000002,170.938,10800.0003,75
09.04.2018 09:35:45.451 GMT-0400,170.94299999999998,170.917,100,120
09.04.2018 09:35:45.501 GMT-0400,170.942,170.928,100,120
09.04.2018 09:35:45.650 GMT-0400,170.952,170.928,100,37
09.04.2018 09:35:45.920 GMT-0400,170.942,170.928,200,30
09.04.2018 09:35:46.262 GMT-0400,170.942,170.919,200,7499.9998
09.04.2018 09:35:46.369 GMT-0400,170.952,170.919,230,7499.9998
09.04.2018 09:35:46.992 GMT-0400,170.953,170.917,230,170
09.04.2018 09:35:47.146 GMT-0400,170.953,170.92700000000002,230,75
09.04.2018 09:35:47.453 GMT-0400,170.963,170.928,310,7499.9998
09.04.2018 09:35:47.503 GMT-0400,170.963,170.937,310,300
09.04.2018 09:35:47.816 GMT-0400,170.952,170.928,9999.9998,600
09.04.2018 09:35:48.734 GMT-0400,170.93200000000002,170.918,100,170
09.04.2018 09:35:48.784 GMT-0400,170.91299999999998,170.89700000000002,200,750
09.04.2018 09:35:48.835 GMT-0400,170.922,170.898,100,750
09.04.2018 09:35:48.961 GMT-0400,170.93200000000002,170.898,10099.9996,750
09.04.2018 09:35:49.502 GMT-0400,170.933,170.89700000000002,10200.0004,750
09.04.2018 09:35:49.653 GMT-0400,170.933,170.907,100,150
09.04.2018 09:35:50.479 GMT-0400,170.953,170.907,10400,370
09.04.2018 09:35:50.529 GMT-0400,170.94299999999998,170.917,100,7
09.04.2018 09:35:50.580 GMT-0400,170.942,170.908,200,370
09.04.2018 09:35:50.750 GMT-0400,170.953,170.907,10200.0004,370
09.04.2018 09:35:50.906 GMT-0400,170.953,170.917,10099.9996,150
09.04.2018 09:35:51.320 GMT-0400,170.953,170.92700000000002,10099.9996,300
09.04.2018 09:35:51.772 GMT-0400,170.963,170.937,10400,7
09.04.2018 09:35:51.823 GMT-0400,170.983,170.947,320,7
09.04.2018 09:35:51.923 GMT-0400,170.982,170.928,100,10800.0003
09.04.2018 09:35:52.036 GMT-0400,170.99200000000002,170.938,1500,600
09.04.2018 09:35:52.411 GMT-0400,170.99200000000002,170.948,1570,150
09.04.2018 09:35:52.809 GMT-0400,170.972,170.948,20,150
09.04.2018 09:35:53.207 GMT-0400,170.99200000000002,170.958,10900.0001,7
09.04.2018 09:35:53.257 GMT-0400,170.99200000000002,170.948,10900.0001,220
09.04.2018 09:35:53.477 GMT-0400,171.002,170.958,25200,370
09.04.2018 09:35:53.655 GMT-0400,170.982,170.958,50,370
09.04.2018 09:35:53.814 GMT-0400,170.99200000000002,170.968,100,82
09.04.2018 09:35:54.041 GMT-0400,170.99200000000002,170.958,100,970
09.04.2018 09:35:54.737 GMT-0400,170.96200000000002,170.948,100,300
09.04.2018 09:35:55.016 GMT-0400,170.96200000000002,170.93,200,7499.9998
09.04.2018 09:35:55.067 GMT-0400,170.952,170.928,220,10599.9997
09.04.2018 09:35:55.430 GMT-0400,170.91299999999998,170.89700000000002,100,750
09.04.2018 09:35:55.675 GMT-0400,170.923,170.877,10200.0004,370
09.04.2018 09:35:55.725 GMT-0400,170.90200000000002,170.868,10,300
09.04.2018 09:35:55.776 GMT-0400,170.922,170.868,450,300
09.04.2018 09:35:55.826 GMT-0400,170.903,170.86700000000002,200,300
09.04.2018 09:35:56.139 GMT-0400,170.93200000000002,170.888,10200.0004,75
09.04.2018 09:35:56.239 GMT-0400,170.93200000000002,170.868,10300.0002,370
09.04.2018 09:35:56.290 GMT-0400,170.912,170.86,370,7499.9998
09.04.2018 09:35:56.630 GMT-0400,170.922,170.888,200,150
09.04.2018 09:35:57.488 GMT-0400,170.922,170.878,200,300
09.04.2018 09:35:57.589 GMT-0400,170.923,170.887,100,230
09.04.2018 09:35:57.918 GMT-0400,170.912,170.888,100,300
09.04.2018 09:35:58.464 GMT-0400,170.91299999999998,170.887,100,300
09.04.2018 09:35:58.541 GMT-0400,170.93200000000002,170.888,190,310
09.04.2018 09:35:58.701 GMT-0400,170.91299999999998,170.887,200,310
09.04.2018 09:35:59.044 GMT-0400,170.89200000000002,170.86200000000002,200,7499.9998
09.04.2018 09:35:59.094 GMT-0400,170.872,170.858,100,380
09.04.2018 09:35:59.604 GMT-0400,170.872,170.838,10499.9999,150
09.04.2018 09:35:59.887 GMT-0400,170.873,170.82,10900.0001,7499.9998
09.04.2018 09:35:59.938 GMT-0400,170.873,170.83700000000002,10300.0002,75
09.04.2018 09:36:00.250 GMT-0400,170.872,170.82,10300.0002,7499.9998
09.04.2018 09:36:00.323 GMT-0400,170.873,170.83700000000002,10300.0002,150
09.04.2018 09:36:00.678 GMT-0400,170.852,170.828,370,7499.9998
09.04.2018 09:36:00.728 GMT-0400,170.86200000000002,170.828,300,7499.9998
09.04.2018 09:36:01.076 GMT-0400,170.872,170.828,670,7499.9998
09.04.2018 09:36:01.126 GMT-0400,170.863,170.828,150,7499.9998
09.04.2018 09:36:01.487 GMT-0400,170.863,170.817,10499.9999,220
09.04.2018 09:36:01.538 GMT-0400,170.843,170.80200000000002,100,7499.9998
09.04.2018 09:36:01.588 GMT-0400,170.853,170.80200000000002,300,7499.9998
09.04.2018 09:36:01.724 GMT-0400,170.86200000000002,170.80200000000002,300,7499.9998
09.04.2018 09:36:01.992 GMT-0400,170.86200000000002,170.808,370,78
09.04.2018 09:36:02.493 GMT-0400,170.873,170.80700000000002,370,220
09.04.2018 09:36:02.629 GMT-0400,170.873,170.827,370,150
09.04.2018 09:36:02.679 GMT-0400,170.883,170.827,370,150
09.04.2018 09:36:03.281 GMT-0400,170.903,170.847,10999.9999,220
09.04.2018 09:36:03.510 GMT-0400,170.912,170.84799999999998,300,220
09.04.2018 09:36:04.230 GMT-0400,170.91299999999998,170.857,300,230
09.04.2018 09:36:04.306 GMT-0400,170.922,170.858,10499.9999,230
09.04.2018 09:36:04.491 GMT-0400,170.923,170.857,10499.9999,150
09.04.2018 09:36:04.923 GMT-0400,170.90200000000002,170.858,220,150
09.04.2018 09:36:05.496 GMT-0400,170.903,170.857,220,300
09.04.2018 09:36:06.318 GMT-0400,170.90200000000002,170.868,220,220
09.04.2018 09:36:06.369 GMT-0400,170.912,170.868,670,150
09.04.2018 09:36:06.485 GMT-0400,170.882,170.868,100,150
09.04.2018 09:36:07.158 GMT-0400,170.883,170.86700000000002,100,150
09.04.2018 09:36:07.391 GMT-0400,170.912,170.868,10900.0001,380
09.04.2018 09:36:07.542 GMT-0400,170.91299999999998,170.86700000000002,670,370
09.04.2018 09:36:07.700 GMT-0400,170.903,170.86700000000002,200,370
09.04.2018 09:36:08.095 GMT-0400,170.903,170.877,200,150
09.04.2018 09:36:08.438 GMT-0400,170.953,170.907,10099.9996,75
09.04.2018 09:36:08.566 GMT-0400,170.97299999999998,170.917,10300.0002,75
09.04.2018 09:36:08.832 GMT-0400,170.983,170.918,10499.9999,7499.9998
09.04.2018 09:36:09.242 GMT-0400,170.94299999999998,170.918,100,7499.9998
09.04.2018 09:36:09.311 GMT-0400,170.972,170.918,220,10400
09.04.2018 09:36:09.527 GMT-0400,170.972,170.918,10200.0004,300
09.04.2018 09:36:09.856 GMT-0400,170.97299999999998,170.92700000000002,10300.0002,170
09.04.2018 09:36:10.320 GMT-0400,170.97299999999998,170.937,10200.0004,79
09.04.2018 09:36:10.439 GMT-0400,170.97299999999998,170.937,200,79
09.04.2018 09:36:10.490 GMT-0400,170.96200000000002,170.928,100,370
09.04.2018 09:36:10.995 GMT-0400,170.963,170.917,370,150
09.04.2018 09:36:11.643 GMT-0400,170.953,170.917,670,220
09.04.2018 09:36:12.073 GMT-0400,170.942,170.918,200,230
09.04.2018 09:36:12.945 GMT-0400,170.93200000000002,170.918,10,300
09.04.2018 09:36:13.046 GMT-0400,170.94299999999998,170.917,220,300
09.04.2018 09:36:13.096 GMT-0400,170.93200000000002,170.908,100,150
09.04.2018 09:36:13.149 GMT-0400,170.942,170.908,220,150
09.04.2018 09:36:13.312 GMT-0400,170.94299999999998,170.907,10800.0003,150
09.04.2018 09:36:13.362 GMT-0400,170.912,170.888,370,75
09.04.2018 09:36:13.506 GMT-0400,170.903,170.887,110,75
09.04.2018 09:36:13.556 GMT-0400,170.912,170.881,220,7499.9998
09.04.2018 09:36:13.699 GMT-0400,170.90200000000002,170.881,100,7499.9998
09.04.2018 09:36:13.749 GMT-0400,170.912,170.868,10200.0004,530
09.04.2018 09:36:14.139 GMT-0400,170.912,170.878,10200.0004,75
09.04.2018 09:36:14.543 GMT-0400,170.882,170.868,100,150
09.04.2018 09:36:14.690 GMT-0400,170.89200000000002,170.868,10099.9996,150
09.04.2018 09:36:15.119 GMT-0400,170.873,170.86,100,7499.9998
09.04.2018 09:36:15.169 GMT-0400,170.893,170.857,10200.0004,600
09.04.2018 09:36:15.392 GMT-0400,170.872,170.858,100,600
09.04.2018 09:36:15.694 GMT-0400,170.872,170.852,490,7499.9998
09.04.2018 09:36:16.395 GMT-0400,170.872,170.84799999999998,100,670
09.04.2018 09:36:16.487 GMT-0400,170.903,170.857,10099.9996,450
09.04.2018 09:36:16.539 GMT-0400,170.882,170.84799999999998,100,690
09.04.2018 09:36:16.979 GMT-0400,170.872,170.84799999999998,100,670
09.04.2018 09:36:17.191 GMT-0400,170.882,170.84799999999998,10200.0004,600
09.04.2018 09:36:17.327 GMT-0400,170.873,170.847,200,600
09.04.2018 09:36:17.616 GMT-0400,170.86200000000002,170.828,370,220
09.04.2018 09:36:18.012 GMT-0400,170.882,170.828,10599.9997,600
09.04.2018 09:36:18.164 GMT-0400,170.882,170.838,10499.9999,150
09.04.2018 09:36:18.693 GMT-0400,170.853,170.817,10099.9996,520
09.04.2018 09:36:18.750 GMT-0400,170.83200000000002,170.808,160,75
09.04.2018 09:36:19.015 GMT-0400,170.843,170.80700000000002,10099.9996,75
09.04.2018 09:36:19.572 GMT-0400,170.843,170.80700000000002,10900.0001,75
09.04.2018 09:36:19.622 GMT-0400,170.813,170.797,100,520
09.04.2018 09:36:19.870 GMT-0400,170.842,170.798,10900.0001,520
09.04.2018 09:36:20.534 GMT-0400,170.823,170.80700000000002,220,75
09.04.2018 09:36:20.635 GMT-0400,170.823,170.797,10099.9996,510
09.04.2018 09:36:21.206 GMT-0400,170.812,170.798,200,75
09.04.2018 09:36:21.465 GMT-0400,170.833,170.797,10499.9999,75
09.04.2018 09:36:21.571 GMT-0400,170.823,170.787,10499.9999,150
09.04.2018 09:36:21.623 GMT-0400,170.843,170.787,10900.0001,150
09.04.2018 09:36:21.816 GMT-0400,170.843,170.797,10400,150
09.04.2018 09:36:22.127 GMT-0400,170.852,170.808,10499.9999,75
09.04.2018 09:36:22.178 GMT-0400,170.853,170.817,380,75
09.04.2018 09:36:22.374 GMT-0400,170.853,170.80700000000002,370,10200.0004
09.04.2018 09:36:22.603 GMT-0400,170.842,170.808,670,75
09.04.2018 09:36:22.674 GMT-0400,170.853,170.80700000000002,370,10200.0004
09.04.2018 09:36:22.724 GMT-0400,170.852,170.81799999999998,370,75
09.04.2018 09:36:23.158 GMT-0400,170.852,170.828,100,150
09.04.2018 09:36:23.596 GMT-0400,170.852,170.838,100,150
09.04.2018 09:36:23.647 GMT-0400,170.853,170.827,100,75
09.04.2018 09:36:23.798 GMT-0400,170.882,170.838,10200.0004,460
09.04.2018 09:36:23.899 GMT-0400,170.883,170.847,200,220
09.04.2018 09:36:25.331 GMT-0400,170.882,170.84799999999998,100,370
09.04.2018 09:36:25.899 GMT-0400,170.883,170.847,200,370
09.04.2018 09:36:25.951 GMT-0400,170.872,170.828,10400,150
09.04.2018 09:36:26.104 GMT-0400,170.882,170.838,10499.9999,75
09.04.2018 09:36:26.426 GMT-0400,170.86200000000002,170.838,100,75
09.04.2018 09:36:26.882 GMT-0400,170.842,170.828,100,150
09.04.2018 09:36:27.345 GMT-0400,170.853,170.827,300,150
09.04.2018 09:36:27.416 GMT-0400,170.842,170.828,100,150
09.04.2018 09:36:27.794 GMT-0400,170.843,170.817,10300.0002,150
09.04.2018 09:36:27.847 GMT-0400,170.842,170.798,10400,10200.0004
09.04.2018 09:36:28.016 GMT-0400,170.813,170.798,3,10099.9996
09.04.2018 09:36:28.167 GMT-0400,170.803,170.787,4,220
09.04.2018 09:36:29.122 GMT-0400,170.80200000000002,170.78799999999998,100,220
09.04.2018 09:36:29.261 GMT-0400,170.83200000000002,170.78799999999998,10400,600
09.04.2018 09:36:29.362 GMT-0400,170.842,170.808,250,220
09.04.2018 09:36:29.694 GMT-0400,170.833,170.80700000000002,190,150
09.04.2018 09:36:30.047 GMT-0400,170.822,170.78799999999998,15,300
09.04.2018 09:36:30.480 GMT-0400,170.823,170.797,190,370
09.04.2018 09:36:30.856 GMT-0400,170.873,170.817,10499.9999,220
09.04.2018 09:36:31.017 GMT-0400,170.853,170.80700000000002,10099.9996,450
09.04.2018 09:36:31.068 GMT-0400,170.852,170.808,100,370
09.04.2018 09:36:31.593 GMT-0400,170.853,170.80700000000002,100,450
09.04.2018 09:36:31.708 GMT-0400,170.852,170.828,100,75
09.04.2018 09:36:32.240 GMT-0400,170.872,170.838,680,75
09.04.2018 09:36:32.495 GMT-0400,170.883,170.857,2,600
09.04.2018 09:36:32.547 GMT-0400,170.91299999999998,170.857,10400,600
09.04.2018 09:36:32.720 GMT-0400,170.872,170.858,200,600
09.04.2018 09:36:32.957 GMT-0400,170.863,170.838,530,7499.9998
09.04.2018 09:36:33.306 GMT-0400,170.863,170.827,530,220
09.04.2018 09:36:33.357 GMT-0400,170.873,170.827,370,300
09.04.2018 09:36:33.531 GMT-0400,170.873,170.83700000000002,370,220
09.04.2018 09:36:33.582 GMT-0400,170.883,170.83700000000002,10599.9997,220
09.04.2018 09:36:33.731 GMT-0400,170.873,170.83700000000002,610,220
09.04.2018 09:36:34.308 GMT-0400,170.872,170.838,530,220
09.04.2018 09:36:34.776 GMT-0400,170.882,170.838,10499.9999,300
09.04.2018 09:36:34.826 GMT-0400,170.882,170.84799999999998,10400,600
09.04.2018 09:36:35.171 GMT-0400,170.903,170.857,300,7
09.04.2018 09:36:35.221 GMT-0400,170.89200000000002,170.84799999999998,200,680
09.04.2018 09:36:35.559 GMT-0400,170.922,170.868,10599.9997,1
09.04.2018 09:36:36.256 GMT-0400,170.933,170.86700000000002,450,1
09.04.2018 09:36:36.364 GMT-0400,170.933,170.877,300,150
09.04.2018 09:36:36.686 GMT-0400,170.89200000000002,170.878,2,75
09.04.2018 09:36:36.737 GMT-0400,170.883,170.86700000000002,100,230
09.04.2018 09:36:37.250 GMT-0400,170.882,170.868,100,220
09.04.2018 09:36:37.351 GMT-0400,170.89200000000002,170.868,370,220
09.04.2018 09:36:37.460 GMT-0400,170.903,170.86700000000002,10499.9999,220
09.04.2018 09:36:37.645 GMT-0400,170.882,170.868,200,220
09.04.2018 09:36:37.695 GMT-0400,170.855,170.83700000000002,100,10200.0004
09.04.2018 09:36:38.356 GMT-0400,170.86200000000002,170.838,200,150
09.04.2018 09:36:39.117 GMT-0400,170.83200000000002,170.798,100,300
09.04.2018 09:36:39.694 GMT-0400,170.842,170.798,110,220
09.04.2018 09:36:39.744 GMT-0400,170.852,170.808,300,75
09.04.2018 09:36:40.082 GMT-0400,170.842,170.808,600,75
09.04.2018 09:36:40.443 GMT-0400,170.853,170.80700000000002,10499.9999,150
09.04.2018 09:36:40.745 GMT-0400,170.843,170.80700000000002,750,75
09.04.2018 09:36:41.431 GMT-0400,170.842,170.808,600,220
09.04.2018 09:36:41.844 GMT-0400,170.853,170.80700000000002,370,220
09.04.2018 09:36:42.135 GMT-0400,170.842,170.808,530,220
09.04.2018 09:36:42.723 GMT-0400,170.843,170.808,100,7499.9998
09.04.2018 09:36:43.048 GMT-0400,170.842,170.81799999999998,10099.9996,150
09.04.2018 09:36:43.412 GMT-0400,170.83200000000002,170.81799999999998,200,7
09.04.2018 09:36:43.583 GMT-0400,170.863,170.83700000000002,200,160
09.04.2018 09:36:44.072 GMT-0400,170.86200000000002,170.84799999999998,100,75
09.04.2018 09:36:44.122 GMT-0400,170.882,170.858,200,7
09.04.2018 09:36:44.435 GMT-0400,170.893,170.86700000000002,220,160
09.04.2018 09:36:44.560 GMT-0400,170.91299999999998,170.86700000000002,10200.0004,82
09.04.2018 09:36:44.709 GMT-0400,170.91299999999998,170.887,100,230
09.04.2018 09:36:44.829 GMT-0400,170.933,170.89700000000002,10400,150
09.04.2018 09:36:44.932 GMT-0400,170.923,170.89700000000002,200,82
09.04.2018 09:36:45.279 GMT-0400,170.91299999999998,170.89700000000002,1,230
09.04.2018 09:36:45.332 GMT-0400,170.923,170.89700000000002,10099.9996,380
09.04.2018 09:36:46.017 GMT-0400,170.922,170.908,200,82
09.04.2018 09:36:46.510 GMT-0400,170.933,170.917,100,7
09.04.2018 09:36:46.561 GMT-0400,170.942,170.918,1110,82
09.04.2018 09:36:47.146 GMT-0400,170.94299999999998,170.917,1110,230
09.04.2018 09:36:47.251 GMT-0400,170.972,170.938,190,230
09.04.2018 09:36:47.353 GMT-0400,170.97299999999998,170.947,100,460
09.04.2018 09:36:48.194 GMT-0400,170.983,170.95700000000002,170,310
09.04.2018 09:36:48.920 GMT-0400,170.972,170.945,10200.0004,370
09.04.2018 09:36:48.970 GMT-0400,170.963,170.928,190,7499.9998
09.04.2018 09:36:49.587 GMT-0400,170.96200000000002,170.928,370,10400
09.04.2018 09:36:49.842 GMT-0400,170.96200000000002,170.928,10499.9999,300
09.04.2018 09:36:50.005 GMT-0400,170.953,170.917,10099.9996,300
09.04.2018 09:36:50.863 GMT-0400,170.963,170.917,100,520
09.04.2018 09:36:51.025 GMT-0400,170.972,170.918,300,520
09.04.2018 09:36:51.125 GMT-0400,170.982,170.918,10700.0005,520
09.04.2018 09:36:51.567 GMT-0400,170.982,170.921,500,7499.9998
09.04.2018 09:36:51.685 GMT-0400,170.97299999999998,170.92700000000002,130,600
09.04.2018 09:36:51.736 GMT-0400,170.972,170.921,130,7499.9998
09.04.2018 09:36:51.786 GMT-0400,170.972,170.938,50,75
09.04.2018 09:36:52.498 GMT-0400,170.97299999999998,170.937,10499.9999,370
09.04.2018 09:36:53.433 GMT-0400,170.972,170.938,190,370
09.04.2018 09:36:53.741 GMT-0400,170.972,170.948,220,220
09.04.2018 09:36:54.136 GMT-0400,170.982,170.948,240,75
09.04.2018 09:36:54.237 GMT-0400,170.982,170.938,240,370
09.04.2018 09:36:54.569 GMT-0400,170.952,170.918,10599.9997,670
09.04.2018 09:36:54.842 GMT-0400,170.922,170.898,220,150
09.04.2018 09:36:55.321 GMT-0400,170.912,170.898,100,150
09.04.2018 09:36:55.380 GMT-0400,170.933,170.89700000000002,10599.9997,150
09.04.2018 09:36:55.697 GMT-0400,170.933,170.907,100,370
09.04.2018 09:36:56.614 GMT-0400,170.93200000000002,170.908,100,370
09.04.2018 09:36:57.238 GMT-0400,170.933,170.907,370,370
09.04.2018 09:36:57.588 GMT-0400,170.953,170.907,10499.9999,370
09.04.2018 09:36:58.385 GMT-0400,170.953,170.907,10499.9999,370
09.04.2018 09:36:58.799 GMT-0400,170.923,170.907,60,370
09.04.2018 09:36:59.076 GMT-0400,170.922,170.898,270,520
09.04.2018 09:36:59.398 GMT-0400,170.912,170.898,100,520
09.04.2018 09:37:00.059 GMT-0400,170.91299999999998,170.89700000000002,150,160
09.04.2018 09:37:00.873 GMT-0400,170.922,170.898,10099.9996,170
09.04.2018 09:37:00.925 GMT-0400,170.933,170.907,200,75
09.04.2018 09:37:01.455 GMT-0400,170.93200000000002,170.908,10200.0004,75
09.04.2018 09:37:01.505 GMT-0400,170.933,170.89700000000002,10200.0004,7
09.04.2018 09:37:01.556 GMT-0400,170.933,170.887,10200.0004,450
09.04.2018 09:37:01.606 GMT-0400,170.93200000000002,170.898,10200.0004,75
09.04.2018 09:37:01.754 GMT-0400,170.91299999999998,170.887,200,75
09.04.2018 09:37:01.849 GMT-0400,170.90200000000002,170.88,310,7499.9998
09.04.2018 09:37:02.084 GMT-0400,170.893,170.847,10300.0002,450
09.04.2018 09:37:02.186 GMT-0400,170.903,170.86700000000002,370,75
09.04.2018 09:37:02.530 GMT-0400,170.872,170.84799999999998,100,150
09.04.2018 09:37:02.797 GMT-0400,170.883,170.847,230,75
09.04.2018 09:37:03.504 GMT-0400,170.883,170.847,10300.0002,75
09.04.2018 09:37:03.619 GMT-0400,170.873,170.83700000000002,200,520
09.04.2018 09:37:04.503 GMT-0400,170.86200000000002,170.838,200,520
09.04.2018 09:37:05.129 GMT-0400,170.863,170.847,200,75
09.04.2018 09:37:05.181 GMT-0400,170.863,170.83700000000002,200,520
09.04.2018 09:37:05.844 GMT-0400,170.86200000000002,170.83200000000002,10700.0005,7499.9998
09.04.2018 09:37:05.896 GMT-0400,170.83200000000002,170.808,220,520
09.04.2018 09:37:06.106 GMT-0400,170.853,170.827,10099.9996,75
09.04.2018 09:37:06.157 GMT-0400,170.853,170.817,100,520
09.04.2018 09:37:06.320 GMT-0400,170.852,170.838,100,75
09.04.2018 09:37:06.640 GMT-0400,170.863,170.845,10200.0004,75
09.04.2018 09:37:06.691 GMT-0400,170.86200000000002,170.838,200,150
09.04.2018 09:37:07.004 GMT-0400,170.853,170.83700000000002,100,10200.0004
09.04.2018 09:37:07.104 GMT-0400,170.882,170.84799999999998,100,150
09.04.2018 09:37:07.155 GMT-0400,170.882,170.858,100,150
09.04.2018 09:37:08.031 GMT-0400,170.883,170.857,200,150
09.04.2018 09:37:08.355 GMT-0400,170.883,170.86700000000002,100,150
09.04.2018 09:37:08.976 GMT-0400,170.882,170.868,100,150
09.04.2018 09:37:09.305 GMT-0400,170.872,170.858,110,150
09.04.2018 09:37:10.052 GMT-0400,170.873,170.857,150,150
09.04.2018 09:37:10.206 GMT-0400,170.882,170.858,10099.9996,310
09.04.2018 09:37:10.357 GMT-0400,170.873,170.857,200,300
09.04.2018 09:37:10.927 GMT-0400,170.872,170.858,210,460
09.04.2018 09:37:11.465 GMT-0400,170.883,170.857,100,450
09.04.2018 09:37:11.811 GMT-0400,170.863,170.84099999999998,6,7499.9998
09.04.2018 09:37:11.861 GMT-0400,170.883,170.847,10200.0004,7
09.04.2018 09:37:11.912 GMT-0400,170.883,170.83700000000002,10200.0004,450
09.04.2018 09:37:12.149 GMT-0400,170.882,170.84799999999998,200,150
09.04.2018 09:37:12.504 GMT-0400,170.863,170.83700000000002,160,75
09.04.2018 09:37:12.554 GMT-0400,170.882,170.838,370,75
09.04.2018 09:37:13.067 GMT-0400,170.883,170.83700000000002,200,75
09.04.2018 09:37:13.378 GMT-0400,170.883,170.847,200,220
09.04.2018 09:37:13.708 GMT-0400,170.883,170.857,200,75
09.04.2018 09:37:14.992 GMT-0400,170.882,170.858,220,75
09.04.2018 09:37:15.305 GMT-0400,170.853,170.83700000000002,200,73
09.04.2018 09:37:16.078 GMT-0400,170.843,170.827,230,300
09.04.2018 09:37:16.328 GMT-0400,170.83200000000002,170.808,100,150
09.04.2018 09:37:16.658 GMT-0400,170.853,170.80700000000002,10200.0004,150
09.04.2018 09:37:16.709 GMT-0400,170.852,170.81799999999998,160,75
09.04.2018 09:37:17.047 GMT-0400,170.842,170.828,51,75
09.04.2018 09:37:17.157 GMT-0400,170.852,170.828,160,150
09.04.2018 09:37:17.433 GMT-0400,170.83200000000002,170.808,100,7499.9998
09.04.2018 09:37:17.777 GMT-0400,170.812,170.798,100,130
09.04.2018 09:37:17.878 GMT-0400,170.803,170.787,100,130
09.04.2018 09:37:17.980 GMT-0400,170.812,170.768,450,370
09.04.2018 09:37:18.051 GMT-0400,170.813,170.75900000000001,10599.9997,7499.9998
09.04.2018 09:37:18.942 GMT-0400,170.822,170.758,300,300
09.04.2018 09:37:19.126 GMT-0400,170.812,170.758,700,300
09.04.2018 09:37:19.658 GMT-0400,170.813,170.76700000000002,920,220
09.04.2018 09:37:20.005 GMT-0400,170.812,170.778,920,220
09.04.2018 09:37:20.106 GMT-0400,170.803,170.76700000000002,10599.9997,220
09.04.2018 09:37:20.643 GMT-0400,170.80200000000002,170.768,450,670
09.04.2018 09:37:20.693 GMT-0400,170.763,170.747,1,82
09.04.2018 09:37:20.859 GMT-0400,170.773,170.747,10099.9996,82
09.04.2018 09:37:21.426 GMT-0400,170.782,170.748,10300.0002,82
09.04.2018 09:37:21.526 GMT-0400,170.762,170.748,100,150
09.04.2018 09:37:21.577 GMT-0400,170.762,170.738,100,37
09.04.2018 09:37:21.711 GMT-0400,170.77200000000002,170.728,10599.9997,7499.9998
09.04.2018 09:37:21.762 GMT-0400,170.753,170.70700000000002,10400,75
09.04.2018 09:37:21.898 GMT-0400,170.743,170.697,10099.9996,670
09.04.2018 09:37:22.102 GMT-0400,170.762,170.726,10099.9996,7
09.04.2018 09:37:22.152 GMT-0400,170.762,170.738,130,370
09.04.2018 09:37:22.203 GMT-0400,170.77200000000002,170.738,10099.9996,670
09.04.2018 09:37:22.316 GMT-0400,170.792,170.748,10499.9999,150
09.04.2018 09:37:22.621 GMT-0400,170.803,170.757,10200.0004,520
09.04.2018 09:37:22.679 GMT-0400,170.803,170.757,200,520
09.04.2018 09:37:23.045 GMT-0400,170.803,170.76700000000002,100,750
09.04.2018 09:37:23.569 GMT-0400,170.803,170.77700000000002,100,220
09.04.2018 09:37:24.036 GMT-0400,170.83200000000002,170.78799999999998,10400,160
09.04.2018 09:37:24.136 GMT-0400,170.833,170.797,300,150
09.04.2018 09:37:24.188 GMT-0400,170.843,170.797,10300.0002,150
09.04.2018 09:37:24.284 GMT-0400,170.83200000000002,170.798,100,220
09.04.2018 09:37:24.895 GMT-0400,170.833,170.797,200,220
09.04.2018 09:37:25.246 GMT-0400,170.833,170.80700000000002,520,10800.0003
09.04.2018 09:37:25.301 GMT-0400,170.833,170.797,200,150
09.04.2018 09:37:25.502 GMT-0400,170.843,170.80700000000002,150,10800.0003
09.04.2018 09:37:25.879 GMT-0400,170.843,170.817,200,75
09.04.2018 09:37:26.298 GMT-0400,170.852,170.81799999999998,10400,150
09.04.2018 09:37:26.349 GMT-0400,170.83200000000002,170.81799999999998,200,150
09.04.2018 09:37:26.708 GMT-0400,170.853,170.817,10300.0002,150
09.04.2018 09:37:27.360 GMT-0400,170.852,170.81799999999998,390,150
09.04.2018 09:37:28.849 GMT-0400,170.853,170.827,380,75
09.04.2018 09:37:29.553 GMT-0400,170.863,170.83700000000002,200,160
09.04.2018 09:37:29.849 GMT-0400,170.873,170.83700000000002,10400,75
09.04.2018 09:37:30.375 GMT-0400,170.903,170.847,10999.9999,370
09.04.2018 09:37:30.563 GMT-0400,170.903,170.86700000000002,750,7499.9998
09.04.2018 09:37:30.613 GMT-0400,170.912,170.868,710,600
09.04.2018 09:37:30.893 GMT-0400,170.912,170.86700000000002,710,9999.9998
09.04.2018 09:37:31.153 GMT-0400,170.94299999999998,170.907,300,230
09.04.2018 09:37:31.486 GMT-0400,170.942,170.918,150,75
09.04.2018 09:37:31.588 GMT-0400,170.953,170.898,410,9999.9998
09.04.2018 09:37:32.134 GMT-0400,170.952,170.928,410,230
09.04.2018 09:37:32.253 GMT-0400,170.93200000000002,170.918,100,10099.9996
09.04.2018 09:37:32.426 GMT-0400,170.94299999999998,170.917,100,150
09.04.2018 09:37:32.479 GMT-0400,170.953,170.917,10900.0001,150
09.04.2018 09:37:32.725 GMT-0400,170.94299999999998,170.917,450,76
09.04.2018 09:37:32.932 GMT-0400,170.942,170.908,370,150
09.04.2018 09:37:33.033 GMT-0400,170.903,170.89900000000003,10,7499.9998
09.04.2018 09:37:33.084 GMT-0400,170.912,170.86200000000002,200,7499.9998
09.04.2018 09:37:33.174 GMT-0400,170.922,170.86200000000002,490,7499.9998
09.04.2018 09:37:33.368 GMT-0400,170.903,170.86200000000002,20,7499.9998
09.04.2018 09:37:33.814 GMT-0400,170.903,170.887,160,55
09.04.2018 09:37:34.066 GMT-0400,170.90200000000002,170.878,120,150
09.04.2018 09:37:34.950 GMT-0400,170.89200000000002,170.878,220,130
09.04.2018 09:37:35.000 GMT-0400,170.903,170.877,160,130
09.04.2018 09:37:35.324 GMT-0400,170.89200000000002,170.878,220,120
09.04.2018 09:37:35.428 GMT-0400,170.903,170.877,160,110
09.04.2018 09:37:35.880 GMT-0400,170.883,170.847,200,300
09.04.2018 09:37:36.071 GMT-0400,170.883,170.83700000000002,200,10400
09.04.2018 09:37:36.149 GMT-0400,170.872,170.838,110,75
09.04.2018 09:37:36.581 GMT-0400,170.86200000000002,170.838,220,150
09.04.2018 09:37:37.084 GMT-0400,170.853,170.83700000000002,200,150
09.04.2018 09:37:37.145 GMT-0400,170.863,170.83700000000002,260,75
09.04.2018 09:37:37.746 GMT-0400,170.86200000000002,170.838,220,150
09.04.2018 09:37:38.321 GMT-0400,170.89200000000002,170.838,10599.9997,230
09.04.2018 09:37:38.943 GMT-0400,170.882,170.84799999999998,200,750
09.04.2018 09:37:39.378 GMT-0400,170.883,170.84099999999998,200,7499.9998
09.04.2018 09:37:40.066 GMT-0400,170.883,170.847,200,88
09.04.2018 09:37:40.367 GMT-0400,170.903,170.877,10099.9996,75
09.04.2018 09:37:40.418 GMT-0400,170.903,170.86700000000002,100,10499.9999
09.04.2018 09:37:40.960 GMT-0400,170.90200000000002,170.868,100,150
09.04.2018 09:37:41.139 GMT-0400,170.90200000000002,170.878,100,75
09.04.2018 09:37:41.461 GMT-0400,170.89200000000002,170.868,10,150
09.04.2018 09:37:41.511 GMT-0400,170.903,170.86700000000002,10499.9999,150
09.04.2018 09:37:42.118 GMT-0400,170.893,170.86700000000002,220,49
09.04.2018 09:37:42.449 GMT-0400,170.90200000000002,170.878,410,7350.0001
09.04.2018 09:37:43.385 GMT-0400,170.903,170.877,410,7269.9999
09.04.2018 09:37:43.998 GMT-0400,170.90200000000002,170.878,410,7350.0001
09.04.2018 09:37:44.321 GMT-0400,170.903,170.887,410,150
09.04.2018 09:37:44.423 GMT-0400,170.903,170.877,10499.9999,150
09.04.2018 09:37:44.553 GMT-0400,170.903,170.887,490,75
09.04.2018 09:37:45.059 GMT-0400,170.90200000000002,170.878,640,150
09.04.2018 09:37:45.110 GMT-0400,170.893,170.877,200,150
09.04.2018 09:37:45.160 GMT-0400,170.903,170.877,340,150
09.04.2018 09:37:45.739 GMT-0400,170.89200000000002,170.878,220,150
09.04.2018 09:37:46.158 GMT-0400,170.90200000000002,170.878,11099.9998,130
09.04.2018 09:37:46.739 GMT-0400,170.903,170.877,10499.9999,210
09.04.2018 09:37:47.320 GMT-0400,170.923,170.887,13299.9998,310
09.04.2018 09:37:47.421 GMT-0400,170.922,170.878,13299.9998,730
09.04.2018 09:37:48.017 GMT-0400,170.922,170.89000000000001,2400.0001,7499.9998
09.04.2018 09:37:48.068 GMT-0400,170.952,170.918,370,300
09.04.2018 09:37:48.119 GMT-0400,170.93200000000002,170.888,50,690
09.04.2018 09:37:48.169 GMT-0400,170.933,170.89700000000002,150,10200.0004
09.04.2018 09:37:48.931 GMT-0400,170.93200000000002,170.898,50,230
09.04.2018 09:37:49.521 GMT-0400,170.933,170.89700000000002,50,300
09.04.2018 09:37:50.048 GMT-0400,170.93200000000002,170.898,150,230
09.04.2018 09:37:50.253 GMT-0400,170.923,170.87900000000002,10800.0003,7499.9998
09.04.2018 09:37:50.536 GMT-0400,170.90200000000002,170.87900000000002,25,7499.9998
09.04.2018 09:37:50.968 GMT-0400,170.903,170.887,25,150
09.04.2018 09:37:51.068 GMT-0400,170.90200000000002,170.878,120,730
09.04.2018 09:37:52.015 GMT-0400,170.91299999999998,170.877,10300.0002,710
09.04.2018 09:37:52.065 GMT-0400,170.89200000000002,170.878,52,710
09.04.2018 09:37:52.560 GMT-0400,170.893,170.872,230,7499.9998
09.04.2018 09:37:53.146 GMT-0400,170.893,170.86700000000002,2,270
09.04.2018 09:37:53.196 GMT-0400,170.89200000000002,170.878,2,150
09.04.2018 09:37:54.342 GMT-0400,170.88400000000001,170.87,31,7499.9998
09.04.2018 09:37:54.833 GMT-0400,170.89200000000002,170.868,300,270
09.04.2018 09:37:56.625 GMT-0400,170.893,170.86700000000002,770,120
09.04.2018 09:37:56.675 GMT-0400,170.873,170.857,570,670
09.04.2018 09:37:57.073 GMT-0400,170.856,170.851,240,7499.9998
09.04.2018 09:37:57.124 GMT-0400,170.845,170.83700000000002,110,7499.9998
09.04.2018 09:37:57.224 GMT-0400,170.852,170.838,560,75
09.04.2018 09:37:57.612 GMT-0400,170.833,170.817,260,150
09.04.2018 09:37:58.214 GMT-0400,170.852,170.81799999999998,9999.9998,75
09.04.2018 09:37:58.609 GMT-0400,170.852,170.81799999999998,220,450
09.04.2018 09:37:59.119 GMT-0400,170.853,170.817,220,75
09.04.2018 09:37:59.326 GMT-0400,170.873,170.817,11199.9996,150
09.04.2018 09:37:59.478 GMT-0400,170.873,170.827,10200.0004,750
09.04.2018 09:37:59.937 GMT-0400,170.873,170.83700000000002,220,150
09.04.2018 09:38:00.267 GMT-0400,170.86200000000002,170.838,100,220
09.04.2018 09:38:00.959 GMT-0400,170.842,170.827,220,7499.9998
09.04.2018 09:38:01.009 GMT-0400,170.863,170.817,10599.9997,75
09.04.2018 09:38:01.962 GMT-0400,170.86200000000002,170.81799999999998,200,75
09.04.2018 09:38:02.013 GMT-0400,170.863,170.827,100,150
09.04.2018 09:38:02.356 GMT-0400,170.863,170.83700000000002,100,220
09.04.2018 09:38:02.894 GMT-0400,170.86200000000002,170.838,100,220
09.04.2018 09:38:03.524 GMT-0400,170.863,170.83700000000002,630,150
09.04.2018 09:38:04.139 GMT-0400,170.86200000000002,170.84799999999998,550,150
09.04.2018 09:38:04.493 GMT-0400,170.853,170.827,310,10700.0005
09.04.2018 09:38:05.690 GMT-0400,170.863,170.83700000000002,10300.0002,530
09.04.2018 09:38:05.741 GMT-0400,170.863,170.827,10300.0002,450
09.04.2018 09:38:06.129 GMT-0400,170.86200000000002,170.838,250,150
09.04.2018 09:38:06.318 GMT-0400,170.882,170.84799999999998,10300.0002,160
09.04.2018 09:38:06.419 GMT-0400,170.872,170.84799999999998,100,150
09.04.2018 09:38:07.106 GMT-0400,170.893,170.857,10499.9999,90
09.04.2018 09:38:07.276 GMT-0400,170.89200000000002,170.84799999999998,10400,10300.0002
09.04.2018 09:38:07.372 GMT-0400,170.89200000000002,170.858,10400,76
09.04.2018 09:38:07.882 GMT-0400,170.893,170.857,10400,150
09.04.2018 09:38:08.272 GMT-0400,170.893,170.86700000000002,780,150
09.04.2018 09:38:09.090 GMT-0400,170.89200000000002,170.868,780,75
09.04.2018 09:38:09.144 GMT-0400,170.903,170.86700000000002,310,450
09.04.2018 09:38:09.948 GMT-0400,170.893,170.86700000000002,910,75
09.04.2018 09:38:10.924 GMT-0400,170.89200000000002,170.868,310,220
09.04.2018 09:38:11.225 GMT-0400,170.883,170.857,310,10300.0002
09.04.2018 09:38:11.655 GMT-0400,170.854,170.83700000000002,310,75
09.04.2018 09:38:12.153 GMT-0400,170.842,170.828,540,220
09.04.2018 09:38:12.634 GMT-0400,170.83200000000002,170.81799999999998,10300.0002,150
09.04.2018 09:38:12.685 GMT-0400,170.823,170.80700000000002,240,75
09.04.2018 09:38:12.735 GMT-0400,170.812,170.798,240,150
09.04.2018 09:38:13.455 GMT-0400,170.813,170.797,10300.0002,58
09.04.2018 09:38:13.811 GMT-0400,170.823,170.77700000000002,10900.0001,430
09.04.2018 09:38:14.284 GMT-0400,170.823,170.77700000000002,10800.0003,430
09.04.2018 09:38:14.456 GMT-0400,170.812,170.778,10400,120
09.04.2018 09:38:14.782 GMT-0400,170.843,170.78799999999998,450,7499.9998
09.04.2018 09:38:14.892 GMT-0400,170.843,170.80700000000002,100,150
09.04.2018 09:38:15.331 GMT-0400,170.873,170.817,10499.9999,520
09.04.2018 09:38:15.646 GMT-0400,170.873,170.827,370,75
09.04.2018 09:38:15.864 GMT-0400,170.883,170.827,450,150
09.04.2018 09:38:15.965 GMT-0400,170.83700000000002,170.81799999999998,110,450
09.04.2018 09:38:16.122 GMT-0400,170.83200000000002,170.798,340,7499.9998
09.04.2018 09:38:16.267 GMT-0400,170.833,170.808,100,7499.9998
09.04.2018 09:38:16.318 GMT-0400,170.833,170.797,100,75
09.04.2018 09:38:16.640 GMT-0400,170.843,170.797,10499.9999,75
09.04.2018 09:38:17.211 GMT-0400,170.852,170.78799999999998,10499.9999,370
09.04.2018 09:38:17.273 GMT-0400,170.852,170.78799999999998,370,370
09.04.2018 09:38:17.330 GMT-0400,170.852,170.798,370,220
09.04.2018 09:38:17.743 GMT-0400,170.83200000000002,170.798,300,220
09.04.2018 09:38:18.067 GMT-0400,170.833,170.80700000000002,220,75
09.04.2018 09:38:18.246 GMT-0400,170.852,170.808,520,150
09.04.2018 09:38:18.917 GMT-0400,170.853,170.80700000000002,520,150
09.04.2018 09:38:19.707 GMT-0400,170.843,170.80700000000002,600,100
09.04.2018 09:38:20.016 GMT-0400,170.812,170.798,9,820
09.04.2018 09:38:20.386 GMT-0400,170.833,170.797,10499.9999,820
09.04.2018 09:38:20.536 GMT-0400,170.823,170.797,200,820
09.04.2018 09:38:20.588 GMT-0400,170.83200000000002,170.793,9999.9998,7499.9998
09.04.2018 09:38:20.638 GMT-0400,170.842,170.828,400,150
09.04.2018 09:38:21.092 GMT-0400,170.83200000000002,170.812,500,7499.9998
09.04.2018 09:38:21.193 GMT-0400,170.853,170.827,200,370
09.04.2018 09:38:22.048 GMT-0400,170.852,170.828,100,310
09.04.2018 09:38:22.098 GMT-0400,170.852,170.838,100,75
09.04.2018 09:38:22.353 GMT-0400,170.872,170.838,10499.9999,75
09.04.2018 09:38:22.533 GMT-0400,170.853,170.83700000000002,1,75
09.04.2018 09:38:23.053 GMT-0400,170.852,170.838,51,60
09.04.2018 09:38:23.273 GMT-0400,170.852,170.83200000000002,1,7499.9998
09.04.2018 09:38:23.895 GMT-0400,170.853,170.83200000000002,100,7499.9998
09.04.2018 09:38:24.222 GMT-0400,170.852,170.838,230,75
09.04.2018 09:38:24.794 GMT-0400,170.853,170.83700000000002,230,30
09.04.2018 09:38:25.312 GMT-0400,170.842,170.828,100,19
09.04.2018 09:38:25.362 GMT-0400,170.833,170.81799999999998,720,7499.9998
09.04.2018 09:38:25.413 GMT-0400,170.83200000000002,170.78799999999998,10900.0001,300
09.04.2018 09:38:25.463 GMT-0400,170.812,170.78799999999998,9,150
09.04.2018 09:38:25.629 GMT-0400,170.812,170.78099999999998,9,7499.9998
09.04.2018 09:38:25.912 GMT-0400,170.833,170.78099999999998,10900.0001,7499.9998
09.04.2018 09:38:26.182 GMT-0400,170.83200000000002,170.798,10900.0001,75
09.04.2018 09:38:26.715 GMT-0400,170.833,170.797,150,150
09.04.2018 09:38:27.055 GMT-0400,170.823,170.797,200,150
09.04.2018 09:38:27.386 GMT-0400,170.83200000000002,170.798,600,220
09.04.2018 09:38:27.761 GMT-0400,170.842,170.798,370,150
09.04.2018 09:38:28.038 GMT-0400,170.83200000000002,170.798,670,220
09.04.2018 09:38:28.234 GMT-0400,170.842,170.798,370,220
09.04.2018 09:38:28.342 GMT-0400,170.842,170.81799999999998,200,82
09.04.2018 09:38:28.394 GMT-0400,170.843,170.80700000000002,200,10599.9997
09.04.2018 09:38:28.444 GMT-0400,170.843,170.817,200,220
09.04.2018 09:38:29.051 GMT-0400,170.842,170.828,190,75
09.04.2018 09:38:29.491 GMT-0400,170.842,170.81799999999998,160,150
09.04.2018 09:38:29.543 GMT-0400,170.843,170.827,200,75
09.04.2018 09:38:29.707 GMT-0400,170.843,170.817,200,220
09.04.2018 09:38:30.254 GMT-0400,170.842,170.81799999999998,200,75
09.04.2018 09:38:30.683 GMT-0400,170.842,170.828,200,75
