Local time,Ask,Bid,AskVolume,BidVolume
12.04.2018 09:30:00.508 GMT-0400,173.41299999999998,173.39700000000002,100,100
12.04.2018 09:30:00.787 GMT-0400,173.393,173.30700000000002,200,100
12.04.2018 09:30:01.122 GMT-0400,173.412,173.34799999999998,120,9
12.04.2018 09:30:01.241 GMT-0400,173.403,173.30700000000002,100,100
12.04.2018 09:30:01.573 GMT-0400,173.423,173.395,62,260
12.04.2018 09:30:02.594 GMT-0400,173.41,173.368,62,7
12.04.2018 09:30:04.375 GMT-0400,173.483,173.387,120,7499.9998
12.04.2018 09:30:04.794 GMT-0400,173.483,173.39700000000002,120,520
12.04.2018 09:30:05.891 GMT-0400,173.40200000000002,173.34799999999998,120,640
12.04.2018 09:30:06.195 GMT-0400,173.373,173.308,62,190
12.04.2018 09:30:07.024 GMT-0400,173.373,173.30700000000002,62,190
12.04.2018 09:30:07.395 GMT-0400,173.483,173.388,120,7499.9998
12.04.2018 09:30:11.624 GMT-0400,173.483,173.447,100,7499.9998
12.04.2018 09:30:11.772 GMT-0400,173.482,173.398,100,75
12.04.2018 09:30:12.399 GMT-0400,173.483,173.39700000000002,120,75
12.04.2018 09:30:12.593 GMT-0400,173.482,173.408,120,75
12.04.2018 09:30:13.030 GMT-0400,173.482,173.437,120,7499.9998
12.04.2018 09:30:13.797 GMT-0400,173.482,173.408,120,300
12.04.2018 09:30:14.118 GMT-0400,173.49200000000002,173.438,100,7
12.04.2018 09:30:14.219 GMT-0400,173.533,173.437,62,7499.9998
12.04.2018 09:30:14.269 GMT-0400,173.483,173.407,62,82
12.04.2018 09:30:14.687 GMT-0400,173.483,173.438,62,160
12.04.2018 09:30:14.738 GMT-0400,173.483,173.408,62,110
12.04.2018 09:30:15.241 GMT-0400,173.483,173.407,62,300
12.04.2018 09:30:15.292 GMT-0400,173.493,173.407,100,300
12.04.2018 09:30:15.589 GMT-0400,173.47299999999998,173.407,110,220
12.04.2018 09:30:16.300 GMT-0400,173.463,173.39700000000002,62,150
12.04.2018 09:30:16.351 GMT-0400,173.453,173.381,120,7499.9998
12.04.2018 09:30:16.402 GMT-0400,173.43200000000002,173.381,100,7499.9998
12.04.2018 09:30:16.492 GMT-0400,173.453,173.39700000000002,7,82
12.04.2018 09:30:16.543 GMT-0400,173.519,173.467,62,75
12.04.2018 09:30:16.593 GMT-0400,173.573,173.51700000000002,62,7
12.04.2018 09:30:16.644 GMT-0400,173.603,173.528,120,7499.9998
12.04.2018 09:30:17.088 GMT-0400,173.593,173.537,100,150
12.04.2018 09:30:17.396 GMT-0400,173.55200000000002,173.507,62,7499.9998
12.04.2018 09:30:18.176 GMT-0400,173.553,173.497,120,970
12.04.2018 09:30:18.226 GMT-0400,173.532,173.482,110,7499.9998
12.04.2018 09:30:18.277 GMT-0400,173.553,173.482,120,7499.9998
12.04.2018 09:30:18.374 GMT-0400,173.55200000000002,173.498,120,37
12.04.2018 09:30:18.425 GMT-0400,173.562,173.497,62,330
12.04.2018 09:30:19.162 GMT-0400,173.543,173.482,10,7499.9998
12.04.2018 09:30:19.212 GMT-0400,173.542,173.468,100,150
12.04.2018 09:30:19.344 GMT-0400,173.553,173.478,62,150
12.04.2018 09:30:19.647 GMT-0400,173.543,173.477,120,300
12.04.2018 09:30:20.167 GMT-0400,173.512,173.458,10,300
12.04.2018 09:30:20.217 GMT-0400,173.533,173.458,62,75
12.04.2018 09:30:20.838 GMT-0400,173.542,173.458,120,820
12.04.2018 09:30:21.217 GMT-0400,173.503,173.44,110,7499.9998
12.04.2018 09:30:21.826 GMT-0400,173.442,173.39700000000002,62,75
12.04.2018 09:30:22.220 GMT-0400,173.43200000000002,173.388,110,830
12.04.2018 09:30:22.321 GMT-0400,173.46200000000002,173.398,120,75
12.04.2018 09:30:22.395 GMT-0400,173.46200000000002,173.388,120,830
12.04.2018 09:30:23.235 GMT-0400,173.41299999999998,173.36200000000002,100,7499.9998
12.04.2018 09:30:23.887 GMT-0400,173.412,173.36200000000002,120,7499.9998
12.04.2018 09:30:24.196 GMT-0400,173.412,173.328,120,620
12.04.2018 09:30:24.738 GMT-0400,173.373,173.321,110,7499.9998
12.04.2018 09:30:24.789 GMT-0400,173.403,173.321,120,7499.9998
12.04.2018 09:30:24.965 GMT-0400,173.393,173.321,120,7499.9998
12.04.2018 09:30:25.358 GMT-0400,173.363,173.298,62,450
12.04.2018 09:30:25.672 GMT-0400,173.322,173.278,120,820
12.04.2018 09:30:25.965 GMT-0400,173.323,173.27200000000002,120,7499.9998
12.04.2018 09:30:26.065 GMT-0400,173.283,173.247,120,330
12.04.2018 09:30:26.420 GMT-0400,173.263,173.231,62,7499.9998
12.04.2018 09:30:27.169 GMT-0400,173.253,173.217,100,390
12.04.2018 09:30:27.293 GMT-0400,173.24200000000002,173.217,62,390
12.04.2018 09:30:27.392 GMT-0400,173.253,173.217,100,390
12.04.2018 09:30:27.513 GMT-0400,173.24200000000002,173.20900000000003,120,7499.9998
12.04.2018 09:30:27.635 GMT-0400,173.263,173.20900000000003,62,7499.9998
12.04.2018 09:30:27.685 GMT-0400,173.263,173.218,62,75
12.04.2018 09:30:27.826 GMT-0400,173.263,173.20900000000003,62,7499.9998
12.04.2018 09:30:28.244 GMT-0400,173.263,173.217,62,75
12.04.2018 09:30:28.382 GMT-0400,173.283,173.217,120,75
12.04.2018 09:30:28.690 GMT-0400,173.273,173.217,120,450
12.04.2018 09:30:29.123 GMT-0400,173.27200000000002,173.248,120,48
12.04.2018 09:30:29.173 GMT-0400,173.283,173.247,100,48
12.04.2018 09:30:29.267 GMT-0400,173.29,173.27400000000003,62,75
12.04.2018 09:30:29.318 GMT-0400,173.31,173.26700000000002,62,75
12.04.2018 09:30:29.368 GMT-0400,173.31,173.278,62,75
12.04.2018 09:30:29.423 GMT-0400,173.31,173.26700000000002,62,75
12.04.2018 09:30:29.670 GMT-0400,173.31,173.278,62,75
12.04.2018 09:30:30.221 GMT-0400,173.30200000000002,173.268,10,110
12.04.2018 09:30:30.272 GMT-0400,173.322,173.28799999999998,120,75
12.04.2018 09:30:30.354 GMT-0400,173.323,173.27700000000002,120,75
12.04.2018 09:30:30.493 GMT-0400,173.323,173.26700000000002,120,10099.9996
12.04.2018 09:30:31.269 GMT-0400,173.323,173.257,120,75
12.04.2018 09:30:31.422 GMT-0400,173.312,173.258,120,150
12.04.2018 09:30:31.855 GMT-0400,173.303,173.26700000000002,120,300
12.04.2018 09:30:31.956 GMT-0400,173.313,173.26700000000002,120,300
12.04.2018 09:30:32.602 GMT-0400,173.313,173.27700000000002,120,75
12.04.2018 09:30:32.653 GMT-0400,173.312,173.268,120,450
12.04.2018 09:30:33.382 GMT-0400,173.313,173.26700000000002,120,300
12.04.2018 09:30:33.795 GMT-0400,173.313,173.27700000000002,120,600
12.04.2018 09:30:33.859 GMT-0400,173.312,173.268,120,300
12.04.2018 09:30:33.934 GMT-0400,173.313,173.287,120,75
12.04.2018 09:30:34.367 GMT-0400,173.293,173.257,120,68
12.04.2018 09:30:34.419 GMT-0400,173.282,173.248,120,120
12.04.2018 09:30:35.145 GMT-0400,173.256,173.24099999999999,120,7499.9998
12.04.2018 09:30:35.196 GMT-0400,173.252,173.232,120,7499.9998
12.04.2018 09:30:35.601 GMT-0400,173.243,173.217,10,75
12.04.2018 09:30:35.652 GMT-0400,173.252,173.217,62,75
12.04.2018 09:30:36.244 GMT-0400,173.232,173.202,120,7499.9998
12.04.2018 09:30:36.792 GMT-0400,173.233,173.197,120,60
12.04.2018 09:30:37.170 GMT-0400,173.222,173.178,110,10099.9996
12.04.2018 09:30:37.583 GMT-0400,173.222,173.168,120,37
12.04.2018 09:30:38.123 GMT-0400,173.22299999999998,173.167,100,75
12.04.2018 09:30:38.470 GMT-0400,173.232,173.178,100,75
12.04.2018 09:30:38.892 GMT-0400,173.24200000000002,173.178,120,75
12.04.2018 09:30:38.949 GMT-0400,173.24200000000002,173.168,120,75
12.04.2018 09:30:39.301 GMT-0400,173.232,173.168,120,75
12.04.2018 09:30:39.640 GMT-0400,173.202,173.158,120,860
12.04.2018 09:30:40.063 GMT-0400,173.203,173.167,100,75
12.04.2018 09:30:40.258 GMT-0400,173.22299999999998,173.168,120,7499.9998
12.04.2018 09:30:40.369 GMT-0400,173.21200000000002,173.168,120,7499.9998
12.04.2018 09:30:40.715 GMT-0400,173.203,173.17700000000002,10,150
12.04.2018 09:30:41.584 GMT-0400,173.202,173.178,110,150
12.04.2018 09:30:42.179 GMT-0400,173.203,173.17700000000002,110,150
12.04.2018 09:30:42.546 GMT-0400,173.162,173.107,120,7499.9998
12.04.2018 09:30:42.597 GMT-0400,173.173,173.107,10700.0005,10099.9996
12.04.2018 09:30:42.889 GMT-0400,173.162,173.107,120,7499.9998
12.04.2018 09:30:43.202 GMT-0400,173.153,173.107,100,7499.9998
12.04.2018 09:30:43.404 GMT-0400,173.15200000000002,173.09799999999998,120,75
12.04.2018 09:30:44.340 GMT-0400,173.153,173.097,100,150
12.04.2018 09:30:44.789 GMT-0400,173.14200000000002,173.108,110,150
12.04.2018 09:30:45.185 GMT-0400,173.122,173.09799999999998,62,150
12.04.2018 09:30:45.748 GMT-0400,173.122,173.097,62,260
12.04.2018 09:30:45.932 GMT-0400,173.15200000000002,173.09799999999998,120,200
12.04.2018 09:30:46.372 GMT-0400,173.143,173.097,120,84
12.04.2018 09:30:46.554 GMT-0400,173.153,173.097,120,84
12.04.2018 09:30:46.828 GMT-0400,173.15200000000002,173.108,120,75
12.04.2018 09:30:47.008 GMT-0400,173.15200000000002,173.09799999999998,120,88
12.04.2018 09:30:47.370 GMT-0400,173.133,173.097,120,9999.9998
12.04.2018 09:30:47.908 GMT-0400,173.15200000000002,173.097,120,7499.9998
12.04.2018 09:30:47.959 GMT-0400,173.173,173.14700000000002,120,75
12.04.2018 09:30:48.112 GMT-0400,173.183,173.14700000000002,10200.0004,75
12.04.2018 09:30:48.587 GMT-0400,173.173,173.127,100,7499.9998
12.04.2018 09:30:48.958 GMT-0400,173.172,173.108,100,450
12.04.2018 09:30:49.066 GMT-0400,173.172,173.118,120,150
12.04.2018 09:30:49.456 GMT-0400,173.173,173.097,120,370
12.04.2018 09:30:49.509 GMT-0400,173.172,173.108,120,150
12.04.2018 09:30:49.888 GMT-0400,173.162,173.128,100,75
12.04.2018 09:30:49.939 GMT-0400,173.162,173.108,120,520
12.04.2018 09:30:51.166 GMT-0400,173.162,173.138,100,7499.9998
12.04.2018 09:30:51.549 GMT-0400,173.162,173.108,100,800
12.04.2018 09:30:51.616 GMT-0400,173.19299999999998,173.187,100,7499.9998
12.04.2018 09:30:51.701 GMT-0400,173.233,173.187,10099.9996,7499.9998
12.04.2018 09:30:52.080 GMT-0400,173.232,173.208,120,75
12.04.2018 09:30:52.131 GMT-0400,173.22299999999998,173.197,120,7499.9998
12.04.2018 09:30:52.535 GMT-0400,173.243,173.197,9999.9998,7499.9998
12.04.2018 09:30:52.622 GMT-0400,173.103,173.08700000000002,120,7499.9998
12.04.2018 09:30:52.840 GMT-0400,173.123,173.088,62,360
12.04.2018 09:30:52.891 GMT-0400,173.113,173.088,62,360
12.04.2018 09:30:53.353 GMT-0400,173.14200000000002,173.088,120,440
12.04.2018 09:30:53.404 GMT-0400,173.15200000000002,173.088,120,440
12.04.2018 09:30:53.666 GMT-0400,173.153,173.097,62,75
12.04.2018 09:30:53.717 GMT-0400,173.153,173.08700000000002,62,11599.9999
12.04.2018 09:30:54.362 GMT-0400,173.16299999999998,173.08700000000002,120,810
12.04.2018 09:30:55.280 GMT-0400,173.162,173.088,120,810
12.04.2018 09:30:55.692 GMT-0400,173.16299999999998,173.11700000000002,120,150
12.04.2018 09:30:56.842 GMT-0400,173.162,173.118,120,220
12.04.2018 09:30:57.812 GMT-0400,173.16299999999998,173.11700000000002,120,220
12.04.2018 09:30:57.944 GMT-0400,173.173,173.11700000000002,10200.0004,670
12.04.2018 09:30:57.994 GMT-0400,173.162,173.128,120,7499.9998
12.04.2018 09:30:58.447 GMT-0400,173.153,173.128,100,7499.9998
12.04.2018 09:30:58.498 GMT-0400,173.153,173.11700000000002,100,290
12.04.2018 09:30:58.548 GMT-0400,173.132,173.118,120,140
12.04.2018 09:30:59.210 GMT-0400,173.123,173.11,120,7499.9998
12.04.2018 09:30:59.311 GMT-0400,173.123,173.09799999999998,100,7499.9998
12.04.2018 09:30:59.362 GMT-0400,173.11200000000002,173.08700000000002,62,810
12.04.2018 09:30:59.706 GMT-0400,173.123,173.107,100,150
12.04.2018 09:30:59.760 GMT-0400,173.132,173.108,62,600
12.04.2018 09:31:00.437 GMT-0400,173.143,173.128,120,7499.9998
12.04.2018 09:31:00.550 GMT-0400,173.162,173.128,120,7499.9998
12.04.2018 09:31:01.051 GMT-0400,173.143,173.128,120,7499.9998
12.04.2018 09:31:01.101 GMT-0400,173.15200000000002,173.108,120,520
12.04.2018 09:31:01.655 GMT-0400,173.153,173.118,62,75
12.04.2018 09:31:02.054 GMT-0400,173.18200000000002,173.118,120,520
12.04.2018 09:31:02.155 GMT-0400,173.18200000000002,173.157,120,7499.9998
12.04.2018 09:31:02.209 GMT-0400,173.208,173.17700000000002,62,280
12.04.2018 09:31:03.155 GMT-0400,173.243,173.17700000000002,120,200
12.04.2018 09:31:04.001 GMT-0400,173.22299999999998,173.17700000000002,120,61
12.04.2018 09:31:04.380 GMT-0400,173.183,173.137,120,7499.9998
12.04.2018 09:31:05.026 GMT-0400,173.183,173.11700000000002,120,520
12.04.2018 09:31:05.076 GMT-0400,173.143,173.097,120,1949.9999
12.04.2018 09:31:06.182 GMT-0400,173.14200000000002,173.09799999999998,120,1960
12.04.2018 09:31:07.053 GMT-0400,173.133,173.097,120,1960
12.04.2018 09:31:07.237 GMT-0400,173.14200000000002,173.09799999999998,120,1960
12.04.2018 09:31:07.472 GMT-0400,173.122,173.09799999999998,120,1970.0001
12.04.2018 09:31:07.801 GMT-0400,173.123,173.107,120,75
12.04.2018 09:31:08.032 GMT-0400,173.122,173.097,62,1960
12.04.2018 09:31:08.154 GMT-0400,173.122,173.108,62,82
12.04.2018 09:31:08.506 GMT-0400,173.122,173.097,62,1960
12.04.2018 09:31:08.979 GMT-0400,173.133,173.097,100,1960
12.04.2018 09:31:09.063 GMT-0400,173.14200000000002,173.09799999999998,100,1960
12.04.2018 09:31:09.176 GMT-0400,173.19,173.137,62,310
12.04.2018 09:31:09.226 GMT-0400,173.197,173.157,62,150
12.04.2018 09:31:10.101 GMT-0400,173.21200000000002,173.158,120,1570
12.04.2018 09:31:10.903 GMT-0400,173.213,173.157,120,1500
12.04.2018 09:31:11.617 GMT-0400,173.21200000000002,173.158,120,1570
12.04.2018 09:31:13.243 GMT-0400,173.232,173.187,62,15
12.04.2018 09:31:13.628 GMT-0400,173.232,173.197,62,160
12.04.2018 09:31:13.729 GMT-0400,173.252,173.208,100,900
12.04.2018 09:31:14.237 GMT-0400,173.253,173.20700000000002,100,11599.9999
12.04.2018 09:31:14.288 GMT-0400,173.232,173.17700000000002,120,7499.9998
12.04.2018 09:31:14.401 GMT-0400,173.21200000000002,173.17700000000002,100,7499.9998
12.04.2018 09:31:14.451 GMT-0400,173.21200000000002,173.158,120,1570
12.04.2018 09:31:14.502 GMT-0400,173.203,173.157,100,1570
12.04.2018 09:31:15.054 GMT-0400,173.202,173.158,110,1570
12.04.2018 09:31:15.584 GMT-0400,173.253,173.187,120,670
12.04.2018 09:31:15.701 GMT-0400,173.253,173.197,120,150
12.04.2018 09:31:16.589 GMT-0400,173.252,173.198,120,150
12.04.2018 09:31:16.969 GMT-0400,173.253,173.217,120,910
12.04.2018 09:31:17.169 GMT-0400,173.263,173.218,120,7499.9998
12.04.2018 09:31:17.464 GMT-0400,173.26700000000002,173.238,62,370
12.04.2018 09:31:17.972 GMT-0400,173.30200000000002,173.238,120,450
12.04.2018 09:31:18.295 GMT-0400,173.292,173.238,120,450
12.04.2018 09:31:18.633 GMT-0400,173.292,173.248,120,150
12.04.2018 09:31:18.683 GMT-0400,173.30200000000002,173.248,120,150
12.04.2018 09:31:19.276 GMT-0400,173.303,173.247,50,150
12.04.2018 09:31:19.588 GMT-0400,173.30200000000002,173.278,120,75
12.04.2018 09:31:20.102 GMT-0400,173.303,173.27700000000002,120,1010
12.04.2018 09:31:20.246 GMT-0400,173.323,173.268,9999.9998,7499.9998
12.04.2018 09:31:20.297 GMT-0400,173.262,173.238,120,370
12.04.2018 09:31:20.906 GMT-0400,173.282,173.23700000000002,62,370
12.04.2018 09:31:21.035 GMT-0400,173.262,173.231,120,7499.9998
12.04.2018 09:31:21.256 GMT-0400,173.253,173.217,120,820
12.04.2018 09:31:22.034 GMT-0400,173.252,173.218,120,900
12.04.2018 09:31:22.209 GMT-0400,173.232,173.208,100,76
12.04.2018 09:31:22.264 GMT-0400,173.243,173.208,62,1
12.04.2018 09:31:22.314 GMT-0400,173.21200000000002,173.188,100,10200.0004
12.04.2018 09:31:22.364 GMT-0400,173.21900000000002,173.188,62,7499.9998
12.04.2018 09:31:22.868 GMT-0400,173.21900000000002,173.198,62,670
12.04.2018 09:31:22.918 GMT-0400,173.21900000000002,173.188,62,10200.0004
12.04.2018 09:31:23.319 GMT-0400,173.232,173.178,120,1350
12.04.2018 09:31:23.872 GMT-0400,173.233,173.17700000000002,120,1050
12.04.2018 09:31:25.599 GMT-0400,173.232,173.188,120,75
12.04.2018 09:31:26.528 GMT-0400,173.222,173.178,120,1050
12.04.2018 09:31:27.301 GMT-0400,173.222,173.188,120,75
12.04.2018 09:31:27.410 GMT-0400,173.222,173.178,120,1050
12.04.2018 09:31:27.461 GMT-0400,173.202,173.168,120,7499.9998
12.04.2018 09:31:27.571 GMT-0400,173.183,173.137,120,750
12.04.2018 09:31:28.395 GMT-0400,173.18200000000002,173.138,100,75
12.04.2018 09:31:28.446 GMT-0400,173.162,173.108,120,370
12.04.2018 09:31:28.603 GMT-0400,173.162,173.118,100,150
12.04.2018 09:31:29.191 GMT-0400,173.16299999999998,173.11700000000002,120,150
12.04.2018 09:31:29.456 GMT-0400,173.18200000000002,173.118,120,150
12.04.2018 09:31:29.842 GMT-0400,173.173,173.11700000000002,120,150
12.04.2018 09:31:30.247 GMT-0400,173.162,173.118,120,75
12.04.2018 09:31:30.298 GMT-0400,173.173,173.11700000000002,120,75
12.04.2018 09:31:30.660 GMT-0400,173.16299999999998,173.107,120,410
12.04.2018 09:31:31.407 GMT-0400,173.16299999999998,173.11700000000002,120,75
12.04.2018 09:31:32.552 GMT-0400,173.172,173.118,10700.0005,150
12.04.2018 09:31:33.304 GMT-0400,173.172,173.11700000000002,62,220
12.04.2018 09:31:33.682 GMT-0400,173.106,173.08900000000003,120,7499.9998
12.04.2018 09:31:33.746 GMT-0400,173.11200000000002,173.09799999999998,100,75
12.04.2018 09:31:33.797 GMT-0400,173.123,173.08900000000003,120,7499.9998
12.04.2018 09:31:34.160 GMT-0400,173.123,173.107,120,75
12.04.2018 09:31:34.753 GMT-0400,173.123,173.088,120,7499.9998
12.04.2018 09:31:35.472 GMT-0400,173.122,173.088,120,750
12.04.2018 09:31:35.540 GMT-0400,173.132,173.09799999999998,120,7
12.04.2018 09:31:35.591 GMT-0400,173.132,173.088,120,750
12.04.2018 09:31:36.271 GMT-0400,173.123,173.08700000000002,120,750
12.04.2018 09:31:36.670 GMT-0400,173.09799999999998,173.078,120,150
12.04.2018 09:31:36.721 GMT-0400,173.092,173.06799999999998,120,750
12.04.2018 09:31:37.597 GMT-0400,173.093,173.077,120,75
12.04.2018 09:31:37.802 GMT-0400,173.11200000000002,173.078,120,220
12.04.2018 09:31:38.086 GMT-0400,173.102,173.078,100,75
12.04.2018 09:31:38.138 GMT-0400,173.11200000000002,173.078,120,75
12.04.2018 09:31:38.469 GMT-0400,173.123,173.077,120,10099.9996
12.04.2018 09:31:38.898 GMT-0400,173.11200000000002,173.078,120,75
12.04.2018 09:31:38.992 GMT-0400,173.122,173.078,120,75
12.04.2018 09:31:39.495 GMT-0400,173.113,173.078,62,75
12.04.2018 09:31:39.915 GMT-0400,173.092,173.078,50,75
12.04.2018 09:31:40.340 GMT-0400,173.102,173.078,62,160
12.04.2018 09:31:40.484 GMT-0400,173.092,173.06900000000002,100,7499.9998
12.04.2018 09:31:41.087 GMT-0400,173.092,173.06799999999998,100,750
12.04.2018 09:31:41.200 GMT-0400,173.083,173.05700000000002,10,110
12.04.2018 09:31:41.252 GMT-0400,173.093,173.05200000000002,120,7499.9998
12.04.2018 09:31:41.389 GMT-0400,173.08200000000002,173.05200000000002,100,7499.9998
12.04.2018 09:31:41.851 GMT-0400,173.08200000000002,173.058,120,75
12.04.2018 09:31:43.593 GMT-0400,173.083,173.05700000000002,120,75
12.04.2018 09:31:44.208 GMT-0400,173.08200000000002,173.058,120,230
12.04.2018 09:31:44.514 GMT-0400,173.072,173.047,62,300
12.04.2018 09:31:45.395 GMT-0400,173.083,173.047,120,300
12.04.2018 09:31:46.023 GMT-0400,173.073,173.037,120,670
12.04.2018 09:31:46.526 GMT-0400,173.063,173.037,100,750
12.04.2018 09:31:46.686 GMT-0400,173.073,173.037,110,370
12.04.2018 09:31:46.787 GMT-0400,173.08200000000002,173.042,10700.0005,7499.9998
12.04.2018 09:31:46.891 GMT-0400,173.063,173.042,100,7499.9998
12.04.2018 09:31:47.478 GMT-0400,173.08200000000002,173.048,10200.0004,450
12.04.2018 09:31:47.589 GMT-0400,173.083,173.067,120,75
12.04.2018 09:31:47.640 GMT-0400,173.08200000000002,173.058,120,75
12.04.2018 09:31:47.741 GMT-0400,173.113,173.08700000000002,120,120
12.04.2018 09:31:48.403 GMT-0400,173.131,173.088,62,350
12.04.2018 09:31:48.504 GMT-0400,173.123,173.08700000000002,120,47
12.04.2018 09:31:48.652 GMT-0400,173.131,173.078,62,75
12.04.2018 09:31:48.702 GMT-0400,173.132,173.088,120,75
12.04.2018 09:31:48.812 GMT-0400,173.143,173.08700000000002,120,75
12.04.2018 09:31:49.035 GMT-0400,173.133,173.08700000000002,120,75
12.04.2018 09:31:49.136 GMT-0400,173.143,173.08700000000002,120,75
12.04.2018 09:31:49.328 GMT-0400,173.133,173.08700000000002,120,75
12.04.2018 09:31:49.703 GMT-0400,173.122,173.09799999999998,100,670
12.04.2018 09:31:50.292 GMT-0400,173.123,173.097,40,670
12.04.2018 09:31:50.392 GMT-0400,173.143,173.108,62,150
12.04.2018 09:31:51.065 GMT-0400,173.14200000000002,173.09799999999998,120,670
12.04.2018 09:31:51.720 GMT-0400,173.133,173.097,120,750
12.04.2018 09:31:52.285 GMT-0400,173.132,173.09799999999998,120,750
12.04.2018 09:31:52.600 GMT-0400,173.132,173.108,120,150
12.04.2018 09:31:53.234 GMT-0400,173.122,173.108,60,220
12.04.2018 09:31:53.443 GMT-0400,173.133,173.107,120,310
12.04.2018 09:31:53.493 GMT-0400,173.123,173.107,100,220
12.04.2018 09:31:53.875 GMT-0400,173.14200000000002,173.107,62,310
12.04.2018 09:31:53.926 GMT-0400,173.14200000000002,173.118,62,75
12.04.2018 09:31:54.413 GMT-0400,173.132,173.118,100,75
12.04.2018 09:31:54.463 GMT-0400,173.132,173.108,100,220
12.04.2018 09:31:55.223 GMT-0400,173.153,173.11700000000002,10499.9999,11
12.04.2018 09:31:55.374 GMT-0400,173.183,173.137,120,7
12.04.2018 09:31:55.425 GMT-0400,173.18200000000002,173.128,120,10499.9999
12.04.2018 09:31:55.613 GMT-0400,173.18200000000002,173.158,120,75
12.04.2018 09:31:56.363 GMT-0400,173.183,173.157,120,820
12.04.2018 09:31:56.482 GMT-0400,173.19299999999998,173.157,120,820
12.04.2018 09:31:56.910 GMT-0400,173.183,173.157,120,820
12.04.2018 09:31:57.382 GMT-0400,173.173,173.157,10,400
12.04.2018 09:31:57.779 GMT-0400,173.16299999999998,173.153,120,7499.9998
12.04.2018 09:31:57.830 GMT-0400,173.16299999999998,173.127,120,75
12.04.2018 09:31:58.043 GMT-0400,173.14200000000002,173.108,120,300
12.04.2018 09:31:58.774 GMT-0400,173.133,173.107,120,10400
12.04.2018 09:31:58.995 GMT-0400,173.133,173.097,120,750
12.04.2018 09:31:59.610 GMT-0400,173.132,173.09799999999998,120,900
12.04.2018 09:32:00.701 GMT-0400,173.133,173.097,120,1420
12.04.2018 09:32:01.608 GMT-0400,173.133,173.107,120,150
12.04.2018 09:32:03.152 GMT-0400,173.122,173.108,120,170
12.04.2018 09:32:03.661 GMT-0400,173.123,173.107,120,99
12.04.2018 09:32:04.058 GMT-0400,173.113,173.097,100,11800.0004
12.04.2018 09:32:04.108 GMT-0400,173.122,173.097,62,1350
12.04.2018 09:32:04.589 GMT-0400,173.102,173.092,100,7499.9998
12.04.2018 09:32:05.036 GMT-0400,173.122,173.088,10400,200
12.04.2018 09:32:05.307 GMT-0400,173.102,173.088,100,200
12.04.2018 09:32:05.692 GMT-0400,173.123,173.097,10300.0002,81
12.04.2018 09:32:05.832 GMT-0400,173.123,173.08700000000002,10200.0004,200
12.04.2018 09:32:06.598 GMT-0400,173.122,173.088,120,200
12.04.2018 09:32:07.588 GMT-0400,173.123,173.08700000000002,120,350
12.04.2018 09:32:08.131 GMT-0400,173.122,173.088,120,350
12.04.2018 09:32:08.597 GMT-0400,173.133,173.097,100,310
12.04.2018 09:32:08.701 GMT-0400,173.132,173.118,100,220
12.04.2018 09:32:09.472 GMT-0400,173.14200000000002,173.118,120,230
12.04.2018 09:32:09.604 GMT-0400,173.162,173.128,100,78
12.04.2018 09:32:10.177 GMT-0400,173.169,173.127,62,78
12.04.2018 09:32:10.528 GMT-0400,173.18099999999998,173.128,62,380
12.04.2018 09:32:10.578 GMT-0400,173.172,173.138,100,160
12.04.2018 09:32:10.679 GMT-0400,173.203,173.148,120,9999.9998
12.04.2018 09:32:11.465 GMT-0400,173.202,173.158,80,76
12.04.2018 09:32:11.599 GMT-0400,173.202,173.178,120,220
12.04.2018 09:32:12.348 GMT-0400,173.203,173.17700000000002,120,900
12.04.2018 09:32:13.650 GMT-0400,173.202,173.178,120,900
12.04.2018 09:32:13.760 GMT-0400,173.233,173.188,120,9999.9998
12.04.2018 09:32:14.533 GMT-0400,173.232,173.188,120,9999.9998
12.04.2018 09:32:14.862 GMT-0400,173.243,173.20700000000002,10300.0002,22
12.04.2018 09:32:14.913 GMT-0400,173.232,173.208,120,15
12.04.2018 09:32:15.560 GMT-0400,173.243,173.20700000000002,120,15
12.04.2018 09:32:15.610 GMT-0400,173.247,173.218,62,8
12.04.2018 09:32:15.934 GMT-0400,173.27200000000002,173.238,10499.9999,160
12.04.2018 09:32:16.347 GMT-0400,173.262,173.238,120,7
12.04.2018 09:32:16.570 GMT-0400,173.263,173.227,100,460
12.04.2018 09:32:16.694 GMT-0400,173.263,173.23700000000002,120,150
12.04.2018 09:32:17.477 GMT-0400,173.253,173.228,120,7499.9998
12.04.2018 09:32:17.528 GMT-0400,173.232,173.198,10800.0003,1949.9999
12.04.2018 09:32:18.508 GMT-0400,173.233,173.197,120,1650
12.04.2018 09:32:18.862 GMT-0400,173.222,173.188,120,97
12.04.2018 09:32:19.255 GMT-0400,173.21200000000002,173.188,10,97
12.04.2018 09:32:19.356 GMT-0400,173.21200000000002,173.18099999999998,120,7499.9998
12.04.2018 09:32:19.500 GMT-0400,173.222,173.18099999999998,120,7499.9998
12.04.2018 09:32:19.550 GMT-0400,173.21200000000002,173.18099999999998,120,7499.9998
12.04.2018 09:32:20.341 GMT-0400,173.213,173.17700000000002,120,820
12.04.2018 09:32:21.008 GMT-0400,173.21200000000002,173.178,120,820
12.04.2018 09:32:21.741 GMT-0400,173.203,173.17700000000002,120,820
12.04.2018 09:32:21.792 GMT-0400,173.21200000000002,173.178,120,820
12.04.2018 09:32:22.601 GMT-0400,173.213,173.17700000000002,120,680
12.04.2018 09:32:23.324 GMT-0400,173.19299999999998,173.167,120,370
12.04.2018 09:32:24.199 GMT-0400,173.172,173.14700000000002,62,900
12.04.2018 09:32:24.343 GMT-0400,173.183,173.14700000000002,120,900
12.04.2018 09:32:25.219 GMT-0400,173.172,173.141,110,7499.9998
12.04.2018 09:32:25.270 GMT-0400,173.183,173.141,120,7499.9998
12.04.2018 09:32:25.660 GMT-0400,173.172,173.138,120,75
12.04.2018 09:32:26.792 GMT-0400,173.173,173.137,120,76
12.04.2018 09:32:27.232 GMT-0400,173.153,173.127,120,150
12.04.2018 09:32:27.283 GMT-0400,173.16,173.127,62,150
12.04.2018 09:32:27.613 GMT-0400,173.172,173.148,120,75
12.04.2018 09:32:27.664 GMT-0400,173.172,173.128,10599.9997,150
12.04.2018 09:32:27.992 GMT-0400,173.16299999999998,173.127,100,150
12.04.2018 09:32:28.613 GMT-0400,173.162,173.138,100,76
12.04.2018 09:32:28.935 GMT-0400,173.172,173.137,62,370
12.04.2018 09:32:29.029 GMT-0400,173.172,173.14700000000002,62,75
12.04.2018 09:32:29.631 GMT-0400,173.183,173.14700000000002,120,75
12.04.2018 09:32:29.682 GMT-0400,173.18200000000002,173.158,100,7
12.04.2018 09:32:30.003 GMT-0400,173.183,173.167,120,370
12.04.2018 09:32:30.176 GMT-0400,173.18200000000002,173.138,100,75
12.04.2018 09:32:30.698 GMT-0400,173.18200000000002,173.158,100,7499.9998
12.04.2018 09:32:31.214 GMT-0400,173.183,173.158,120,7499.9998
12.04.2018 09:32:31.741 GMT-0400,173.183,173.14700000000002,120,520
12.04.2018 09:32:32.697 GMT-0400,173.18200000000002,173.148,120,520
12.04.2018 09:32:33.205 GMT-0400,173.183,173.14700000000002,100,600
12.04.2018 09:32:34.458 GMT-0400,173.18200000000002,173.148,100,670
12.04.2018 09:32:34.569 GMT-0400,173.192,173.148,10200.0004,670
12.04.2018 09:32:34.620 GMT-0400,173.192,173.158,10099.9996,380
12.04.2018 09:32:35.238 GMT-0400,173.183,173.157,120,220
12.04.2018 09:32:35.558 GMT-0400,173.162,173.148,120,280
12.04.2018 09:32:35.690 GMT-0400,173.15200000000002,173.12,120,7499.9998
12.04.2018 09:32:36.597 GMT-0400,173.15200000000002,173.118,120,150
12.04.2018 09:32:36.698 GMT-0400,173.123,173.107,100,720
12.04.2018 09:32:36.748 GMT-0400,173.133,173.108,62,720
12.04.2018 09:32:36.849 GMT-0400,173.122,173.108,100,720
12.04.2018 09:32:37.349 GMT-0400,173.133,173.118,62,75
12.04.2018 09:32:37.688 GMT-0400,173.15200000000002,173.118,120,75
12.04.2018 09:32:38.215 GMT-0400,173.143,173.107,120,670
12.04.2018 09:32:39.046 GMT-0400,173.14200000000002,173.108,120,750
12.04.2018 09:32:39.378 GMT-0400,173.14200000000002,173.118,120,75
12.04.2018 09:32:40.703 GMT-0400,173.133,173.107,10,670
12.04.2018 09:32:41.596 GMT-0400,173.132,173.118,100,75
12.04.2018 09:32:41.685 GMT-0400,173.123,173.107,120,750
12.04.2018 09:32:41.793 GMT-0400,173.132,173.108,120,750
12.04.2018 09:32:42.601 GMT-0400,173.133,173.11700000000002,120,75
12.04.2018 09:32:42.754 GMT-0400,173.133,173.107,10900.0001,620
12.04.2018 09:32:43.720 GMT-0400,173.132,173.108,120,620
12.04.2018 09:32:44.377 GMT-0400,173.133,173.107,120,620
12.04.2018 09:32:45.530 GMT-0400,173.113,173.097,100,610
12.04.2018 09:32:45.581 GMT-0400,173.132,173.097,62,510
12.04.2018 09:32:46.535 GMT-0400,173.133,173.097,120,1330
12.04.2018 09:32:46.749 GMT-0400,173.133,173.107,50,150
12.04.2018 09:32:48.175 GMT-0400,173.132,173.09799999999998,120,11500
12.04.2018 09:32:48.503 GMT-0400,173.133,173.107,12,600
12.04.2018 09:32:48.554 GMT-0400,173.132,173.09799999999998,12,11500
12.04.2018 09:32:49.061 GMT-0400,173.133,173.097,12,1030
12.04.2018 09:32:49.111 GMT-0400,173.132,173.118,12,1
12.04.2018 09:32:49.676 GMT-0400,173.162,173.148,120,75
12.04.2018 09:32:49.836 GMT-0400,173.153,173.11700000000002,120,10099.9996
12.04.2018 09:32:50.909 GMT-0400,173.15200000000002,173.118,120,150
12.04.2018 09:32:51.701 GMT-0400,173.15200000000002,173.128,120,75
12.04.2018 09:32:51.933 GMT-0400,173.172,173.14700000000002,100,7499.9998
12.04.2018 09:32:52.592 GMT-0400,173.173,173.14700000000002,100,7499.9998
12.04.2018 09:32:52.746 GMT-0400,173.172,173.128,100,450
12.04.2018 09:32:53.316 GMT-0400,173.173,173.127,120,450
12.04.2018 09:32:53.586 GMT-0400,173.162,173.128,120,75
12.04.2018 09:32:53.947 GMT-0400,173.202,173.157,62,970
12.04.2018 09:32:54.365 GMT-0400,173.192,173.158,120,970
12.04.2018 09:32:55.055 GMT-0400,173.19299999999998,173.157,120,970
12.04.2018 09:32:55.936 GMT-0400,173.192,173.158,120,1050
12.04.2018 09:32:56.437 GMT-0400,173.19299999999998,173.157,120,970
12.04.2018 09:32:56.747 GMT-0400,173.183,173.167,100,450
12.04.2018 09:32:57.572 GMT-0400,173.18200000000002,173.168,100,450
12.04.2018 09:32:58.477 GMT-0400,173.183,173.167,120,520
12.04.2018 09:32:59.282 GMT-0400,173.192,173.178,120,110
12.04.2018 09:32:59.332 GMT-0400,173.192,173.168,120,520
12.04.2018 09:32:59.767 GMT-0400,173.20000000000002,173.168,62,750
12.04.2018 09:32:59.818 GMT-0400,173.20000000000002,173.178,62,75
12.04.2018 09:33:00.340 GMT-0400,173.203,173.17700000000002,120,150
12.04.2018 09:33:00.698 GMT-0400,173.203,173.187,120,75
12.04.2018 09:33:01.015 GMT-0400,173.213,173.198,62,150
12.04.2018 09:33:01.400 GMT-0400,173.213,173.188,62,450
12.04.2018 09:33:01.602 GMT-0400,173.24200000000002,173.228,120,150
12.04.2018 09:33:02.316 GMT-0400,173.243,173.227,120,750
12.04.2018 09:33:02.940 GMT-0400,173.243,173.228,120,7499.9998
12.04.2018 09:33:02.991 GMT-0400,173.262,173.228,62,11099.9998
12.04.2018 09:33:03.500 GMT-0400,173.262,173.238,62,79
12.04.2018 09:33:03.609 GMT-0400,173.262,173.228,62,11099.9998
12.04.2018 09:33:03.817 GMT-0400,173.262,173.218,10800.0003,150
12.04.2018 09:33:04.148 GMT-0400,173.252,173.218,120,75
12.04.2018 09:33:04.199 GMT-0400,173.262,173.218,10700.0005,75
12.04.2018 09:33:04.311 GMT-0400,173.262,173.228,120,7499.9998
12.04.2018 09:33:04.643 GMT-0400,173.269,173.238,62,690
12.04.2018 09:33:05.201 GMT-0400,173.269,173.247,62,620
12.04.2018 09:33:05.252 GMT-0400,173.282,173.238,120,1360
12.04.2018 09:33:05.555 GMT-0400,173.27200000000002,173.238,62,1360
12.04.2018 09:33:07.058 GMT-0400,173.253,173.231,120,7499.9998
12.04.2018 09:33:07.108 GMT-0400,173.253,173.217,120,150
12.04.2018 09:33:07.295 GMT-0400,173.262,173.218,120,150
12.04.2018 09:33:07.418 GMT-0400,173.252,173.218,120,220
12.04.2018 09:33:08.062 GMT-0400,173.252,173.228,120,1200.0001
12.04.2018 09:33:08.207 GMT-0400,173.262,173.228,100,1270
12.04.2018 09:33:08.601 GMT-0400,173.263,173.23700000000002,62,220
12.04.2018 09:33:09.065 GMT-0400,173.273,173.23700000000002,120,220
12.04.2018 09:33:09.368 GMT-0400,173.262,173.228,120,1200.0001
12.04.2018 09:33:10.065 GMT-0400,173.263,173.227,120,1120
12.04.2018 09:33:10.600 GMT-0400,173.263,173.23700000000002,120,75
12.04.2018 09:33:10.737 GMT-0400,173.27200000000002,173.238,10400,300
12.04.2018 09:33:11.593 GMT-0400,173.273,173.23700000000002,120,450
12.04.2018 09:33:11.643 GMT-0400,173.263,173.23700000000002,120,370
12.04.2018 09:33:11.713 GMT-0400,173.273,173.23700000000002,120,370
12.04.2018 09:33:12.383 GMT-0400,173.27200000000002,173.238,120,380
12.04.2018 09:33:12.740 GMT-0400,173.253,173.23700000000002,120,380
12.04.2018 09:33:13.075 GMT-0400,173.252,173.228,10800.0003,1130
12.04.2018 09:33:14.078 GMT-0400,173.263,173.238,62,520
12.04.2018 09:33:14.667 GMT-0400,173.263,173.23700000000002,62,150
12.04.2018 09:33:15.009 GMT-0400,173.27200000000002,173.238,100,76
12.04.2018 09:33:15.165 GMT-0400,173.293,173.23700000000002,10900.0001,450
12.04.2018 09:33:15.352 GMT-0400,173.293,173.247,62,230
12.04.2018 09:33:15.713 GMT-0400,173.293,173.258,62,600
12.04.2018 09:33:15.962 GMT-0400,173.30200000000002,173.258,120,670
12.04.2018 09:33:16.297 GMT-0400,173.312,173.258,120,750
12.04.2018 09:33:16.792 GMT-0400,173.312,173.268,120,150
12.04.2018 09:33:17.812 GMT-0400,173.313,173.26700000000002,120,150
12.04.2018 09:33:18.749 GMT-0400,173.312,173.268,120,230
12.04.2018 09:33:19.266 GMT-0400,173.313,173.27700000000002,120,8
12.04.2018 09:33:19.586 GMT-0400,173.323,173.248,120,9999.9998
12.04.2018 09:33:19.636 GMT-0400,173.322,173.28799999999998,120,150
12.04.2018 09:33:21.912 GMT-0400,173.323,173.287,120,980
12.04.2018 09:33:22.239 GMT-0400,173.322,173.298,120,150
12.04.2018 09:33:22.972 GMT-0400,173.323,173.297,120,900
12.04.2018 09:33:24.583 GMT-0400,173.322,173.298,120,900
12.04.2018 09:33:24.929 GMT-0400,173.3,173.268,62,10200.0004
12.04.2018 09:33:25.169 GMT-0400,173.293,173.268,120,7499.9998
12.04.2018 09:33:25.707 GMT-0400,173.292,173.268,120,10700.0005
12.04.2018 09:33:27.555 GMT-0400,173.283,173.26700000000002,120,600
12.04.2018 09:33:28.649 GMT-0400,173.29,173.278,120,7499.9998
12.04.2018 09:33:28.726 GMT-0400,173.322,173.28799999999998,100,830
12.04.2018 09:33:29.062 GMT-0400,173.33,173.298,62,170
12.04.2018 09:33:29.622 GMT-0400,173.33200000000002,173.31799999999998,120,150
12.04.2018 09:33:29.692 GMT-0400,173.322,173.3,100,7499.9998
12.04.2018 09:33:29.924 GMT-0400,173.329,173.297,62,150
12.04.2018 09:33:30.290 GMT-0400,173.329,173.30700000000002,62,80
12.04.2018 09:33:30.416 GMT-0400,173.329,173.298,62,76
12.04.2018 09:33:30.998 GMT-0400,173.353,173.308,62,470
12.04.2018 09:33:31.354 GMT-0400,173.353,173.31799999999998,62,230
12.04.2018 09:33:31.615 GMT-0400,173.363,173.327,120,150
12.04.2018 09:33:32.011 GMT-0400,173.36200000000002,173.338,120,83
12.04.2018 09:33:32.342 GMT-0400,173.38,173.357,62,22
12.04.2018 09:33:32.392 GMT-0400,173.39000000000001,173.357,62,22
12.04.2018 09:33:32.698 GMT-0400,173.39000000000001,173.377,62,75
12.04.2018 09:33:32.749 GMT-0400,173.403,173.377,120,75
12.04.2018 09:33:32.832 GMT-0400,173.40200000000002,173.358,120,9999.9998
12.04.2018 09:33:33.918 GMT-0400,173.39200000000002,173.357,120,7499.9998
12.04.2018 09:33:34.266 GMT-0400,173.403,173.357,120,7499.9998
12.04.2018 09:33:34.600 GMT-0400,173.393,173.347,62,220
12.04.2018 09:33:35.047 GMT-0400,173.4,173.368,62,830
12.04.2018 09:33:35.605 GMT-0400,173.382,173.368,100,820
12.04.2018 09:33:36.468 GMT-0400,173.373,173.357,120,75
12.04.2018 09:33:36.703 GMT-0400,173.37,173.34799999999998,62,150
12.04.2018 09:33:37.206 GMT-0400,173.37,173.347,62,150
12.04.2018 09:33:37.703 GMT-0400,173.372,173.358,120,450
12.04.2018 09:33:38.839 GMT-0400,173.382,173.368,100,75
12.04.2018 09:33:38.890 GMT-0400,173.382,173.358,100,520
12.04.2018 09:33:39.592 GMT-0400,173.382,173.368,100,75
12.04.2018 09:33:40.140 GMT-0400,173.383,173.36700000000002,120,75
12.04.2018 09:33:40.426 GMT-0400,173.393,173.36700000000002,120,150
12.04.2018 09:33:40.534 GMT-0400,173.4,173.36700000000002,62,75
12.04.2018 09:33:40.585 GMT-0400,173.40200000000002,173.378,120,75
12.04.2018 09:33:40.786 GMT-0400,173.423,173.39700000000002,100,22
12.04.2018 09:33:40.887 GMT-0400,173.423,173.387,10599.9997,75
12.04.2018 09:33:41.326 GMT-0400,173.412,173.388,100,75
12.04.2018 09:33:41.998 GMT-0400,173.41299999999998,173.387,100,150
12.04.2018 09:33:42.504 GMT-0400,173.412,173.388,120,300
12.04.2018 09:33:43.146 GMT-0400,173.422,173.407,62,220
12.04.2018 09:33:43.600 GMT-0400,173.453,173.407,120,300
12.04.2018 09:33:44.097 GMT-0400,173.453,173.417,120,230
12.04.2018 09:33:44.398 GMT-0400,173.44299999999998,173.417,100,300
12.04.2018 09:33:44.623 GMT-0400,173.46200000000002,173.417,62,370
12.04.2018 09:33:45.315 GMT-0400,173.46200000000002,173.448,62,75
12.04.2018 09:33:45.365 GMT-0400,173.472,173.458,120,430
12.04.2018 09:33:45.956 GMT-0400,173.489,173.468,62,150
12.04.2018 09:33:46.009 GMT-0400,173.49900000000002,173.468,62,150
12.04.2018 09:33:46.598 GMT-0400,173.49900000000002,173.467,62,300
12.04.2018 09:33:47.171 GMT-0400,173.503,173.467,120,1200.0001
12.04.2018 09:33:47.648 GMT-0400,173.49200000000002,173.468,100,1350
12.04.2018 09:33:48.277 GMT-0400,173.503,173.48700000000002,120,150
12.04.2018 09:33:48.378 GMT-0400,173.502,173.477,62,330
12.04.2018 09:33:48.611 GMT-0400,173.502,173.467,62,1120
12.04.2018 09:33:49.293 GMT-0400,173.502,173.468,11199.9996,1270
12.04.2018 09:33:49.351 GMT-0400,173.502,173.478,11199.9996,94
12.04.2018 09:33:49.950 GMT-0400,173.503,173.477,120,750
12.04.2018 09:33:50.267 GMT-0400,173.502,173.488,120,75
12.04.2018 09:33:50.317 GMT-0400,173.502,173.478,120,900
12.04.2018 09:33:50.491 GMT-0400,173.493,173.467,110,11599.9999
12.04.2018 09:33:50.591 GMT-0400,173.503,173.467,120,1200.0001
12.04.2018 09:33:50.692 GMT-0400,173.482,173.468,120,1200.0001
12.04.2018 09:33:50.798 GMT-0400,173.46200000000002,173.438,120,900
12.04.2018 09:33:51.496 GMT-0400,173.47299999999998,173.447,120,75
12.04.2018 09:33:51.597 GMT-0400,173.483,173.447,120,150
12.04.2018 09:33:51.829 GMT-0400,173.502,173.448,120,150
12.04.2018 09:33:52.551 GMT-0400,173.503,173.447,120,150
12.04.2018 09:33:52.602 GMT-0400,173.503,173.467,120,75
12.04.2018 09:33:53.104 GMT-0400,173.49200000000002,173.468,120,10999.9999
12.04.2018 09:33:53.154 GMT-0400,173.502,173.468,120,10999.9999
12.04.2018 09:33:53.693 GMT-0400,173.503,173.467,120,820
12.04.2018 09:33:54.286 GMT-0400,173.502,173.468,120,370
12.04.2018 09:33:54.507 GMT-0400,173.49200000000002,173.468,100,370
12.04.2018 09:33:54.756 GMT-0400,173.503,173.477,120,150
12.04.2018 09:33:55.103 GMT-0400,173.503,173.48700000000002,120,75
12.04.2018 09:33:55.154 GMT-0400,173.502,173.478,120,150
12.04.2018 09:33:55.468 GMT-0400,173.502,173.468,120,10700.0005
12.04.2018 09:33:55.615 GMT-0400,173.502,173.488,120,75
12.04.2018 09:33:55.716 GMT-0400,173.512,173.488,120,600
12.04.2018 09:33:55.977 GMT-0400,173.502,173.488,120,670
12.04.2018 09:33:56.192 GMT-0400,173.513,173.497,120,75
12.04.2018 09:33:56.695 GMT-0400,173.512,173.498,120,75
12.04.2018 09:33:56.989 GMT-0400,173.502,173.488,120,600
12.04.2018 09:33:57.040 GMT-0400,173.49200000000002,173.468,62,450
12.04.2018 09:33:57.142 GMT-0400,173.49200000000002,173.483,62,96
12.04.2018 09:33:57.192 GMT-0400,173.503,173.48700000000002,120,75
12.04.2018 09:33:57.243 GMT-0400,173.502,173.478,120,170
12.04.2018 09:33:57.801 GMT-0400,173.503,173.477,120,94
12.04.2018 09:33:58.437 GMT-0400,173.493,173.467,10,600
12.04.2018 09:33:59.308 GMT-0400,173.482,173.468,120,560
12.04.2018 09:33:59.704 GMT-0400,173.503,173.467,10200.0004,560
12.04.2018 09:34:00.666 GMT-0400,173.502,173.468,120,820
12.04.2018 09:34:00.716 GMT-0400,173.502,173.478,120,240
12.04.2018 09:34:01.365 GMT-0400,173.503,173.477,120,160
12.04.2018 09:34:01.938 GMT-0400,173.502,173.478,120,390
12.04.2018 09:34:03.715 GMT-0400,173.512,173.488,10099.9996,7
12.04.2018 09:34:03.770 GMT-0400,173.52700000000002,173.488,62,380
12.04.2018 09:34:03.821 GMT-0400,173.52700000000002,173.507,62,70
12.04.2018 09:34:03.871 GMT-0400,173.55200000000002,173.518,120,7
12.04.2018 09:34:03.922 GMT-0400,173.573,173.52700000000002,120,62
12.04.2018 09:34:03.972 GMT-0400,173.58200000000002,173.548,120,7499.9998
12.04.2018 09:34:04.023 GMT-0400,173.603,173.558,62,96
12.04.2018 09:34:04.124 GMT-0400,173.603,173.56799999999998,62,170
12.04.2018 09:34:04.330 GMT-0400,173.64200000000002,173.588,120,7499.9998
12.04.2018 09:34:04.382 GMT-0400,173.702,173.668,110,7
12.04.2018 09:34:04.432 GMT-0400,173.702,173.657,110,7499.9998
12.04.2018 09:34:04.596 GMT-0400,173.692,173.658,120,150
12.04.2018 09:34:05.057 GMT-0400,173.70000000000002,173.668,62,75
12.04.2018 09:34:05.108 GMT-0400,173.692,173.658,90,970
12.04.2018 09:34:05.414 GMT-0400,173.65200000000002,173.637,100,7499.9998
12.04.2018 09:34:05.465 GMT-0400,173.66299999999998,173.62,120,7499.9998
12.04.2018 09:34:05.515 GMT-0400,173.65200000000002,173.62,10,7499.9998
12.04.2018 09:34:05.566 GMT-0400,173.662,173.62,120,7499.9998
12.04.2018 09:34:05.890 GMT-0400,173.64200000000002,173.59900000000002,120,7499.9998
12.04.2018 09:34:05.958 GMT-0400,173.64200000000002,173.618,120,75
12.04.2018 09:34:06.727 GMT-0400,173.623,173.59900000000002,120,7499.9998
12.04.2018 09:34:06.968 GMT-0400,173.603,173.577,100,900
12.04.2018 09:34:07.026 GMT-0400,173.593,173.577,100,600
12.04.2018 09:34:07.077 GMT-0400,173.602,173.578,100,75
12.04.2018 09:34:07.128 GMT-0400,173.602,173.56799999999998,100,370
12.04.2018 09:34:07.249 GMT-0400,173.592,173.558,10,450
12.04.2018 09:34:07.582 GMT-0400,173.583,173.547,120,520
12.04.2018 09:34:07.632 GMT-0400,173.573,173.547,10,300
12.04.2018 09:34:07.683 GMT-0400,173.58200000000002,173.548,120,300
12.04.2018 09:34:08.145 GMT-0400,173.573,173.537,120,29
12.04.2018 09:34:09.469 GMT-0400,173.572,173.53799999999998,120,29
12.04.2018 09:34:09.520 GMT-0400,173.573,173.52700000000002,120,520
12.04.2018 09:34:10.054 GMT-0400,173.572,173.528,120,150
12.04.2018 09:34:10.540 GMT-0400,173.58200000000002,173.528,120,150
12.04.2018 09:34:10.714 GMT-0400,173.562,173.519,10,7499.9998
12.04.2018 09:34:10.764 GMT-0400,173.573,173.519,120,7499.9998
12.04.2018 09:34:10.836 GMT-0400,173.563,173.51700000000002,62,600
12.04.2018 09:34:11.167 GMT-0400,173.533,173.497,100,75
12.04.2018 09:34:11.933 GMT-0400,173.532,173.498,120,150
12.04.2018 09:34:12.462 GMT-0400,173.512,173.478,100,410
12.04.2018 09:34:12.513 GMT-0400,173.523,173.477,120,10499.9999
12.04.2018 09:34:13.051 GMT-0400,173.521,173.478,62,370
12.04.2018 09:34:13.102 GMT-0400,173.502,173.478,120,300
12.04.2018 09:34:13.435 GMT-0400,173.533,173.507,62,220
12.04.2018 09:34:13.697 GMT-0400,173.533,173.518,62,750
12.04.2018 09:34:14.401 GMT-0400,173.572,173.518,120,750
12.04.2018 09:34:14.946 GMT-0400,173.583,173.51700000000002,10099.9996,750
12.04.2018 09:34:14.997 GMT-0400,173.583,173.548,62,75
12.04.2018 09:34:15.047 GMT-0400,173.583,173.528,62,220
12.04.2018 09:34:15.411 GMT-0400,173.592,173.528,120,220
12.04.2018 09:34:15.520 GMT-0400,173.593,173.55700000000002,120,9
12.04.2018 09:34:16.065 GMT-0400,173.602,173.56799999999998,23,150
12.04.2018 09:34:16.239 GMT-0400,173.602,173.558,23,160
12.04.2018 09:34:16.565 GMT-0400,173.603,173.567,120,37
12.04.2018 09:34:16.615 GMT-0400,173.603,173.55700000000002,120,230
12.04.2018 09:34:17.223 GMT-0400,173.602,173.558,120,230
12.04.2018 09:34:17.274 GMT-0400,173.593,173.55700000000002,120,310
12.04.2018 09:34:17.750 GMT-0400,173.583,173.55700000000002,100,910
12.04.2018 09:34:17.876 GMT-0400,173.592,173.558,120,910
12.04.2018 09:34:18.061 GMT-0400,173.583,173.55700000000002,120,910
12.04.2018 09:34:18.391 GMT-0400,173.592,173.558,120,910
12.04.2018 09:34:18.930 GMT-0400,173.573,173.55700000000002,100,910
12.04.2018 09:34:18.980 GMT-0400,173.58200000000002,173.558,62,910
12.04.2018 09:34:20.165 GMT-0400,173.593,173.55700000000002,100,980
12.04.2018 09:34:20.705 GMT-0400,173.592,173.558,100,980
12.04.2018 09:34:20.826 GMT-0400,173.58200000000002,173.558,120,980
12.04.2018 09:34:21.236 GMT-0400,173.592,173.56799999999998,100,310
12.04.2018 09:34:21.892 GMT-0400,173.583,173.56099999999998,120,7499.9998
12.04.2018 09:34:22.403 GMT-0400,173.583,173.55700000000002,45,980
12.04.2018 09:34:22.649 GMT-0400,173.563,173.52700000000002,120,10300.0002
12.04.2018 09:34:22.699 GMT-0400,173.563,173.547,100,76
12.04.2018 09:34:22.758 GMT-0400,173.572,173.548,100,76
12.04.2018 09:34:22.919 GMT-0400,173.578,173.52700000000002,62,9999.9998
12.04.2018 09:34:23.226 GMT-0400,173.603,173.567,23,600
12.04.2018 09:34:23.601 GMT-0400,173.602,173.578,23,150
12.04.2018 09:34:24.218 GMT-0400,173.603,173.577,23,150
12.04.2018 09:34:24.794 GMT-0400,173.602,173.578,23,150
12.04.2018 09:34:25.114 GMT-0400,173.593,173.56099999999998,10,7499.9998
12.04.2018 09:34:25.253 GMT-0400,173.602,173.558,120,340
12.04.2018 09:34:25.796 GMT-0400,173.603,173.55700000000002,10200.0004,370
12.04.2018 09:34:26.163 GMT-0400,173.58200000000002,173.558,50,150
12.04.2018 09:34:26.687 GMT-0400,173.583,173.55700000000002,27,820
12.04.2018 09:34:27.064 GMT-0400,173.603,173.577,62,600
12.04.2018 09:34:27.375 GMT-0400,173.623,173.597,100,150
12.04.2018 09:34:27.764 GMT-0400,173.623,173.607,100,82
12.04.2018 09:34:28.662 GMT-0400,173.622,173.608,100,82
12.04.2018 09:34:29.261 GMT-0400,173.623,173.607,100,82
12.04.2018 09:34:29.312 GMT-0400,173.64200000000002,173.61700000000002,62,75
12.04.2018 09:34:29.435 GMT-0400,173.64200000000002,173.607,62,82
12.04.2018 09:34:30.072 GMT-0400,173.64200000000002,173.608,10099.9996,1580
12.04.2018 09:34:30.476 GMT-0400,173.65200000000002,173.618,10099.9996,310
12.04.2018 09:34:30.699 GMT-0400,173.65200000000002,173.607,62,1580
12.04.2018 09:34:30.882 GMT-0400,173.65200000000002,173.618,62,520
12.04.2018 09:34:31.137 GMT-0400,173.673,173.61700000000002,120,300
12.04.2018 09:34:31.604 GMT-0400,173.672,173.628,120,75
12.04.2018 09:34:31.951 GMT-0400,173.672,173.648,120,150
12.04.2018 09:34:32.253 GMT-0400,173.683,173.667,100,19
12.04.2018 09:34:32.687 GMT-0400,173.672,173.658,120,2
12.04.2018 09:34:33.242 GMT-0400,173.673,173.657,70,77
12.04.2018 09:34:33.856 GMT-0400,173.673,173.64700000000002,10099.9996,78
12.04.2018 09:34:34.027 GMT-0400,173.653,173.637,120,2
12.04.2018 09:34:34.128 GMT-0400,173.653,173.627,120,820
12.04.2018 09:34:34.709 GMT-0400,173.65200000000002,173.628,120,830
12.04.2018 09:34:34.760 GMT-0400,173.64200000000002,173.628,120,830
12.04.2018 09:34:35.187 GMT-0400,173.64200000000002,173.62099999999998,110,7499.9998
12.04.2018 09:34:35.237 GMT-0400,173.632,173.59799999999998,100,9999.9998
12.04.2018 09:34:35.393 GMT-0400,173.623,173.607,100,1570
12.04.2018 09:34:35.444 GMT-0400,173.61,173.58700000000002,62,220
12.04.2018 09:34:35.494 GMT-0400,173.61200000000002,173.578,100,9999.9998
12.04.2018 09:34:35.696 GMT-0400,173.632,173.608,62,75
12.04.2018 09:34:35.824 GMT-0400,173.632,173.59799999999998,62,750
12.04.2018 09:34:36.470 GMT-0400,173.633,173.597,120,750
12.04.2018 09:34:36.571 GMT-0400,173.623,173.577,120,600
12.04.2018 09:34:36.697 GMT-0400,173.623,173.57,120,7499.9998
12.04.2018 09:34:37.011 GMT-0400,173.603,173.57,110,7499.9998
12.04.2018 09:34:37.062 GMT-0400,173.61200000000002,173.57,120,7499.9998
12.04.2018 09:34:37.112 GMT-0400,173.603,173.57,120,7499.9998
12.04.2018 09:34:37.240 GMT-0400,173.593,173.551,120,7499.9998
12.04.2018 09:34:37.370 GMT-0400,173.583,173.551,120,7499.9998
12.04.2018 09:34:37.571 GMT-0400,173.573,173.52200000000002,120,7499.9998
12.04.2018 09:34:37.672 GMT-0400,173.58200000000002,173.528,120,370
12.04.2018 09:34:37.772 GMT-0400,173.572,173.53799999999998,120,75
12.04.2018 09:34:37.862 GMT-0400,173.583,173.537,10900.0001,520
12.04.2018 09:34:37.913 GMT-0400,173.55200000000002,173.53799999999998,100,75
12.04.2018 09:34:38.014 GMT-0400,173.563,173.548,62,1
12.04.2018 09:34:38.232 GMT-0400,173.563,173.528,62,150
12.04.2018 09:34:38.684 GMT-0400,173.563,173.53799999999998,62,750
12.04.2018 09:34:38.785 GMT-0400,173.59900000000002,173.55700000000002,62,340
12.04.2018 09:34:38.943 GMT-0400,173.58200000000002,173.547,120,7499.9998
12.04.2018 09:34:39.287 GMT-0400,173.56799999999998,173.537,62,370
12.04.2018 09:34:39.337 GMT-0400,173.56799999999998,173.51700000000002,62,190
12.04.2018 09:34:39.848 GMT-0400,173.532,173.502,10,7499.9998
12.04.2018 09:34:39.898 GMT-0400,173.542,173.502,120,7499.9998
12.04.2018 09:34:40.249 GMT-0400,173.513,173.502,120,7499.9998
12.04.2018 09:34:40.512 GMT-0400,173.513,173.477,120,220
12.04.2018 09:34:40.618 GMT-0400,173.533,173.507,10300.0002,37
12.04.2018 09:34:40.668 GMT-0400,173.542,173.497,120,7499.9998
12.04.2018 09:34:40.719 GMT-0400,173.533,173.497,19,7499.9998
12.04.2018 09:34:40.953 GMT-0400,173.542,173.497,120,7499.9998
12.04.2018 09:34:41.448 GMT-0400,173.532,173.497,120,7499.9998
12.04.2018 09:34:41.691 GMT-0400,173.543,173.507,120,750
12.04.2018 09:34:42.988 GMT-0400,173.52200000000002,173.508,100,750
12.04.2018 09:34:43.519 GMT-0400,173.523,173.507,100,750
12.04.2018 09:34:44.335 GMT-0400,173.52200000000002,173.508,120,410
12.04.2018 09:34:44.530 GMT-0400,173.513,173.497,120,75
12.04.2018 09:34:44.581 GMT-0400,173.512,173.488,100,75
12.04.2018 09:34:44.631 GMT-0400,173.512,173.498,100,75
12.04.2018 09:34:44.693 GMT-0400,173.521,173.498,62,150
12.04.2018 09:34:45.233 GMT-0400,173.521,173.497,62,76
12.04.2018 09:34:46.083 GMT-0400,173.512,173.488,28,7499.9998
12.04.2018 09:34:46.433 GMT-0400,173.513,173.477,18,260
12.04.2018 09:34:47.112 GMT-0400,173.512,173.478,18,220
12.04.2018 09:34:47.884 GMT-0400,173.523,173.477,120,520
12.04.2018 09:34:47.934 GMT-0400,173.523,173.48,100,9999.9998
12.04.2018 09:34:48.521 GMT-0400,173.52200000000002,173.48,100,9999.9998
12.04.2018 09:34:49.095 GMT-0400,173.523,173.488,100,9999.9998
12.04.2018 09:34:49.644 GMT-0400,173.52200000000002,173.498,100,76
12.04.2018 09:34:49.928 GMT-0400,173.542,173.508,62,760
12.04.2018 09:34:49.978 GMT-0400,173.55200000000002,173.518,100,180
12.04.2018 09:34:50.726 GMT-0400,173.553,173.51700000000002,100,180
12.04.2018 09:34:51.431 GMT-0400,173.55200000000002,173.518,120,110
12.04.2018 09:34:51.937 GMT-0400,173.553,173.51700000000002,120,180
12.04.2018 09:34:52.496 GMT-0400,173.55200000000002,173.518,120,110
12.04.2018 09:34:52.609 GMT-0400,173.543,173.507,120,750
12.04.2018 09:34:52.660 GMT-0400,173.533,173.507,120,750
12.04.2018 09:34:52.973 GMT-0400,173.532,173.518,100,150
12.04.2018 09:34:53.643 GMT-0400,173.533,173.51700000000002,100,150
12.04.2018 09:34:54.049 GMT-0400,173.523,173.50900000000001,100,7499.9998
12.04.2018 09:34:54.100 GMT-0400,173.532,173.508,10099.9996,750
12.04.2018 09:34:54.569 GMT-0400,173.52200000000002,173.478,120,600
12.04.2018 09:34:54.696 GMT-0400,173.523,173.48700000000002,10300.0002,7
12.04.2018 09:34:54.747 GMT-0400,173.523,173.477,10300.0002,10099.9996
12.04.2018 09:34:55.090 GMT-0400,173.503,173.477,100,7499.9998
12.04.2018 09:34:55.431 GMT-0400,173.493,173.45700000000002,120,150
12.04.2018 09:34:55.515 GMT-0400,173.502,173.468,120,75
12.04.2018 09:34:56.068 GMT-0400,173.493,173.467,120,670
12.04.2018 09:34:56.517 GMT-0400,173.483,173.45700000000002,120,150
12.04.2018 09:34:56.836 GMT-0400,173.472,173.438,62,370
12.04.2018 09:34:57.312 GMT-0400,173.46200000000002,173.438,110,220
12.04.2018 09:34:57.384 GMT-0400,173.472,173.42700000000002,62,75
12.04.2018 09:34:57.535 GMT-0400,173.46200000000002,173.428,120,75
12.04.2018 09:34:58.140 GMT-0400,173.452,173.417,110,7499.9998
12.04.2018 09:34:58.243 GMT-0400,173.46200000000002,173.417,120,7499.9998
12.04.2018 09:34:58.611 GMT-0400,173.463,173.407,120,890
12.04.2018 09:34:58.754 GMT-0400,173.442,173.408,120,890
12.04.2018 09:34:59.133 GMT-0400,173.40200000000002,173.388,120,150
12.04.2018 09:34:59.184 GMT-0400,173.403,173.377,120,10599.9997
12.04.2018 09:34:59.493 GMT-0400,173.40200000000002,173.388,120,150
12.04.2018 09:34:59.545 GMT-0400,173.40200000000002,173.378,120,450
12.04.2018 09:34:59.749 GMT-0400,173.442,173.398,30,220
12.04.2018 09:34:59.990 GMT-0400,173.453,173.407,62,520
12.04.2018 09:35:00.692 GMT-0400,173.453,173.417,62,220
12.04.2018 09:35:00.743 GMT-0400,173.463,173.417,100,220
12.04.2018 09:35:00.794 GMT-0400,173.472,173.437,62,750
12.04.2018 09:35:01.062 GMT-0400,173.513,173.468,62,150
12.04.2018 09:35:01.312 GMT-0400,173.513,173.478,62,220
12.04.2018 09:35:01.639 GMT-0400,173.572,173.488,120,370
12.04.2018 09:35:02.243 GMT-0400,173.533,173.48700000000002,100,520
12.04.2018 09:35:02.646 GMT-0400,173.523,173.48700000000002,120,450
12.04.2018 09:35:02.807 GMT-0400,173.532,173.488,120,600
12.04.2018 09:35:02.995 GMT-0400,173.523,173.48700000000002,120,600
12.04.2018 09:35:03.405 GMT-0400,173.52200000000002,173.498,120,150
12.04.2018 09:35:03.692 GMT-0400,173.553,173.528,62,75
12.04.2018 09:35:04.299 GMT-0400,173.553,173.52700000000002,62,75
12.04.2018 09:35:04.537 GMT-0400,173.583,173.52700000000002,120,75
12.04.2018 09:35:05.085 GMT-0400,173.58200000000002,173.528,120,75
12.04.2018 09:35:05.136 GMT-0400,173.553,173.52700000000002,120,150
12.04.2018 09:35:05.739 GMT-0400,173.55200000000002,173.528,50,220
12.04.2018 09:35:05.789 GMT-0400,173.573,173.548,62,150
12.04.2018 09:35:05.890 GMT-0400,173.603,173.55700000000002,2,10599.9997
12.04.2018 09:35:06.524 GMT-0400,173.602,173.558,120,150
12.04.2018 09:35:07.758 GMT-0400,173.603,173.55700000000002,120,600
12.04.2018 09:35:08.135 GMT-0400,173.592,173.558,120,150
12.04.2018 09:35:08.535 GMT-0400,173.592,173.548,120,450
12.04.2018 09:35:08.585 GMT-0400,173.573,173.547,100,450
12.04.2018 09:35:08.898 GMT-0400,173.583,173.567,120,150
12.04.2018 09:35:08.948 GMT-0400,173.58200000000002,173.558,120,300
12.04.2018 09:35:09.076 GMT-0400,173.58200000000002,173.56799999999998,100,220
12.04.2018 09:35:09.268 GMT-0400,173.583,173.55700000000002,100,300
12.04.2018 09:35:09.437 GMT-0400,173.59,173.567,62,310
12.04.2018 09:35:09.608 GMT-0400,173.583,173.55700000000002,100,600
12.04.2018 09:35:09.965 GMT-0400,173.573,173.542,100,7499.9998
12.04.2018 09:35:10.035 GMT-0400,173.572,173.548,100,750
12.04.2018 09:35:10.515 GMT-0400,173.573,173.55700000000002,120,76
12.04.2018 09:35:10.622 GMT-0400,173.593,173.567,30,75
12.04.2018 09:35:11.162 GMT-0400,173.58200000000002,173.547,120,9999.9998
12.04.2018 09:35:11.800 GMT-0400,173.592,173.56799999999998,30,75
12.04.2018 09:35:12.047 GMT-0400,173.583,173.55,10,9999.9998
12.04.2018 09:35:12.570 GMT-0400,173.58200000000002,173.558,120,150
12.04.2018 09:35:13.605 GMT-0400,173.583,173.55700000000002,120,150
12.04.2018 09:35:13.794 GMT-0400,173.583,173.567,120,82
12.04.2018 09:35:13.985 GMT-0400,173.602,173.579,100,7499.9998
12.04.2018 09:35:14.540 GMT-0400,173.603,173.579,100,7499.9998
12.04.2018 09:35:14.689 GMT-0400,173.602,173.588,100,300
12.04.2018 09:35:15.093 GMT-0400,173.602,173.56799999999998,120,10200.0004
12.04.2018 09:35:15.194 GMT-0400,173.623,173.577,10400,670
12.04.2018 09:35:15.339 GMT-0400,173.623,173.56799999999998,62,9999.9998
12.04.2018 09:35:15.992 GMT-0400,173.623,173.58700000000002,62,76
12.04.2018 09:35:16.042 GMT-0400,173.633,173.58700000000002,120,76
12.04.2018 09:35:16.590 GMT-0400,173.633,173.597,120,150
12.04.2018 09:35:16.953 GMT-0400,173.623,173.597,120,260
12.04.2018 09:35:17.004 GMT-0400,173.633,173.597,120,260
12.04.2018 09:35:17.269 GMT-0400,173.622,173.59799999999998,100,260
12.04.2018 09:35:18.729 GMT-0400,173.623,173.597,120,300
12.04.2018 09:35:19.882 GMT-0400,173.61200000000002,173.59799999999998,100,300
12.04.2018 09:35:20.232 GMT-0400,173.623,173.607,120,220
12.04.2018 09:35:20.333 GMT-0400,173.623,173.597,120,370
12.04.2018 09:35:21.688 GMT-0400,173.622,173.608,120,150
12.04.2018 09:35:22.282 GMT-0400,173.623,173.607,120,76
12.04.2018 09:35:22.458 GMT-0400,173.633,173.608,120,7499.9998
12.04.2018 09:35:22.602 GMT-0400,173.632,173.618,120,75
12.04.2018 09:35:24.096 GMT-0400,173.633,173.61700000000002,120,75
12.04.2018 09:35:24.146 GMT-0400,173.622,173.59799999999998,100,220
12.04.2018 09:35:25.529 GMT-0400,173.623,173.597,100,300
12.04.2018 09:35:25.592 GMT-0400,173.622,173.608,100,150
12.04.2018 09:35:25.693 GMT-0400,173.613,173.597,4,300
12.04.2018 09:35:26.244 GMT-0400,173.632,173.597,62,7
12.04.2018 09:35:26.598 GMT-0400,173.633,173.58700000000002,120,230
12.04.2018 09:35:26.648 GMT-0400,173.632,173.618,120,75
12.04.2018 09:35:26.700 GMT-0400,173.643,173.61700000000002,120,450
12.04.2018 09:35:27.393 GMT-0400,173.65200000000002,173.628,100,150
12.04.2018 09:35:27.444 GMT-0400,173.65200000000002,173.618,100,750
12.04.2018 09:35:28.518 GMT-0400,173.653,173.61700000000002,120,480
12.04.2018 09:35:28.619 GMT-0400,173.653,173.627,120,75
12.04.2018 09:35:29.713 GMT-0400,173.673,173.64700000000002,120,150
12.04.2018 09:35:29.887 GMT-0400,173.683,173.64700000000002,120,520
12.04.2018 09:35:29.938 GMT-0400,173.673,173.64700000000002,120,520
12.04.2018 09:35:31.296 GMT-0400,173.662,173.648,120,300
12.04.2018 09:35:32.317 GMT-0400,173.66299999999998,173.638,120,9999.9998
12.04.2018 09:35:33.172 GMT-0400,173.65200000000002,173.628,120,75
12.04.2018 09:35:33.223 GMT-0400,173.64200000000002,173.628,120,150
12.04.2018 09:35:33.645 GMT-0400,173.633,173.61700000000002,120,10800.0003
12.04.2018 09:35:33.746 GMT-0400,173.613,173.597,110,370
12.04.2018 09:35:33.832 GMT-0400,173.613,173.59,110,7499.9998
12.04.2018 09:35:33.994 GMT-0400,173.622,173.608,100,150
12.04.2018 09:35:34.045 GMT-0400,173.622,173.59799999999998,100,370
12.04.2018 09:35:34.228 GMT-0400,173.643,173.61700000000002,10300.0002,75
12.04.2018 09:35:35.285 GMT-0400,173.64200000000002,173.618,120,130
12.04.2018 09:35:35.493 GMT-0400,173.622,173.588,8,400
12.04.2018 09:35:36.318 GMT-0400,173.632,173.58700000000002,62,450
12.04.2018 09:35:36.469 GMT-0400,173.622,173.59799999999998,100,7499.9998
12.04.2018 09:35:36.520 GMT-0400,173.65200000000002,173.608,120,7499.9998
12.04.2018 09:35:36.570 GMT-0400,173.643,173.61700000000002,100,160
12.04.2018 09:35:36.620 GMT-0400,173.653,173.61700000000002,120,160
12.04.2018 09:35:36.721 GMT-0400,173.662,173.618,120,160
12.04.2018 09:35:36.772 GMT-0400,173.643,173.61700000000002,100,160
12.04.2018 09:35:37.892 GMT-0400,173.64200000000002,173.618,120,160
12.04.2018 09:35:39.030 GMT-0400,173.643,173.61700000000002,120,460
12.04.2018 09:35:39.688 GMT-0400,173.64200000000002,173.618,120,460
12.04.2018 09:35:40.576 GMT-0400,173.643,173.61700000000002,120,460
12.04.2018 09:35:40.700 GMT-0400,173.623,173.58700000000002,38,250
12.04.2018 09:35:41.144 GMT-0400,173.61200000000002,173.588,120,230
12.04.2018 09:35:42.600 GMT-0400,173.603,173.58700000000002,2,230
12.04.2018 09:35:42.904 GMT-0400,173.61200000000002,173.588,120,230
12.04.2018 09:35:44.199 GMT-0400,173.613,173.58700000000002,120,230
12.04.2018 09:35:44.594 GMT-0400,173.613,173.597,120,75
12.04.2018 09:35:45.162 GMT-0400,173.61200000000002,173.59799999999998,120,420
12.04.2018 09:35:45.757 GMT-0400,173.622,173.608,120,75
12.04.2018 09:35:45.959 GMT-0400,173.622,173.59799999999998,100,680
12.04.2018 09:35:46.297 GMT-0400,173.641,173.597,62,680
12.04.2018 09:35:46.640 GMT-0400,173.64200000000002,173.618,100,150
12.04.2018 09:35:46.691 GMT-0400,173.65200000000002,173.627,120,7499.9998
12.04.2018 09:35:46.742 GMT-0400,173.65200000000002,173.618,120,150
12.04.2018 09:35:46.879 GMT-0400,173.65200000000002,173.628,120,150
12.04.2018 09:35:47.096 GMT-0400,173.66299999999998,173.637,120,150
12.04.2018 09:35:47.358 GMT-0400,173.66299999999998,173.627,120,150
12.04.2018 09:35:47.873 GMT-0400,173.662,173.628,120,150
12.04.2018 09:35:48.735 GMT-0400,173.65200000000002,173.628,120,75
12.04.2018 09:35:48.964 GMT-0400,173.65200000000002,173.618,120,220
12.04.2018 09:35:49.601 GMT-0400,173.653,173.61700000000002,120,300
12.04.2018 09:35:50.173 GMT-0400,173.64200000000002,173.618,120,300
12.04.2018 09:35:50.719 GMT-0400,173.643,173.61700000000002,100,300
12.04.2018 09:35:51.275 GMT-0400,173.633,173.618,62,300
12.04.2018 09:35:51.398 GMT-0400,173.633,173.597,62,520
12.04.2018 09:35:51.511 GMT-0400,173.61200000000002,173.59799999999998,7,220
12.04.2018 09:35:51.612 GMT-0400,173.623,173.597,100,520
12.04.2018 09:35:52.136 GMT-0400,173.623,173.58700000000002,10099.9996,750
12.04.2018 09:35:52.848 GMT-0400,173.622,173.588,120,750
12.04.2018 09:35:52.898 GMT-0400,173.613,173.58700000000002,100,490
12.04.2018 09:35:53.200 GMT-0400,173.61200000000002,173.578,100,600
12.04.2018 09:35:53.654 GMT-0400,173.61200000000002,173.59799999999998,100,75
12.04.2018 09:35:53.705 GMT-0400,173.643,173.61700000000002,120,150
12.04.2018 09:35:54.944 GMT-0400,173.632,173.61700000000002,62,1
12.04.2018 09:35:54.994 GMT-0400,173.623,173.607,120,220
12.04.2018 09:35:55.869 GMT-0400,173.632,173.607,62,610
12.04.2018 09:35:55.919 GMT-0400,173.64200000000002,173.628,100,75
12.04.2018 09:35:55.969 GMT-0400,173.643,173.61700000000002,100,150
12.04.2018 09:35:56.178 GMT-0400,173.643,173.607,100,370
12.04.2018 09:35:56.476 GMT-0400,173.632,173.608,100,300
12.04.2018 09:35:56.882 GMT-0400,173.613,173.58700000000002,120,76
12.04.2018 09:35:56.983 GMT-0400,173.613,173.577,120,1050
12.04.2018 09:35:57.521 GMT-0400,173.61200000000002,173.578,120,820
12.04.2018 09:35:57.697 GMT-0400,173.613,173.597,120,150
12.04.2018 09:35:58.367 GMT-0400,173.62099999999998,173.597,62,160
12.04.2018 09:35:58.418 GMT-0400,173.613,173.58700000000002,100,220
12.04.2018 09:35:58.533 GMT-0400,173.62099999999998,173.58700000000002,62,220
12.04.2018 09:35:58.697 GMT-0400,173.62099999999998,173.597,62,150
12.04.2018 09:35:59.282 GMT-0400,173.623,173.597,120,75
12.04.2018 09:35:59.604 GMT-0400,173.623,173.607,120,150
12.04.2018 09:35:59.768 GMT-0400,173.632,173.608,120,150
12.04.2018 09:35:59.968 GMT-0400,173.632,173.618,120,75
12.04.2018 09:36:00.260 GMT-0400,173.632,173.608,120,75
12.04.2018 09:36:00.522 GMT-0400,173.633,173.61700000000002,120,75
12.04.2018 09:36:00.572 GMT-0400,173.64200000000002,173.618,120,150
12.04.2018 09:36:00.696 GMT-0400,173.64200000000002,173.628,100,300
12.04.2018 09:36:00.844 GMT-0400,173.653,173.637,120,150
12.04.2018 09:36:00.894 GMT-0400,173.64200000000002,173.628,110,300
12.04.2018 09:36:01.168 GMT-0400,173.653,173.627,120,300
12.04.2018 09:36:01.636 GMT-0400,173.653,173.637,120,75
12.04.2018 09:36:02.100 GMT-0400,173.68200000000002,173.648,120,10700.0005
12.04.2018 09:36:02.720 GMT-0400,173.672,173.648,120,10099.9996
12.04.2018 09:36:03.124 GMT-0400,173.673,173.65900000000002,120,7499.9998
12.04.2018 09:36:03.389 GMT-0400,173.68200000000002,173.65900000000002,120,7499.9998
12.04.2018 09:36:03.439 GMT-0400,173.683,173.667,120,150
12.04.2018 09:36:03.649 GMT-0400,173.69299999999998,173.667,110,370
12.04.2018 09:36:04.153 GMT-0400,173.692,173.668,110,370
12.04.2018 09:36:04.431 GMT-0400,173.68200000000002,173.661,110,7499.9998
12.04.2018 09:36:04.484 GMT-0400,173.692,173.661,110,7499.9998
12.04.2018 09:36:04.641 GMT-0400,173.692,173.668,110,670
12.04.2018 09:36:04.743 GMT-0400,173.692,173.661,120,7499.9998
12.04.2018 09:36:05.894 GMT-0400,173.692,173.658,120,600
12.04.2018 09:36:05.945 GMT-0400,173.69299999999998,173.667,120,220
12.04.2018 09:36:06.162 GMT-0400,173.69299999999998,173.657,120,520
12.04.2018 09:36:06.690 GMT-0400,173.69299999999998,173.667,120,150
12.04.2018 09:36:07.149 GMT-0400,173.702,173.678,10,370
12.04.2018 09:36:07.252 GMT-0400,173.702,173.668,110,370
12.04.2018 09:36:07.302 GMT-0400,173.703,173.67700000000002,10200.0004,150
12.04.2018 09:36:07.727 GMT-0400,173.702,173.688,120,150
12.04.2018 09:36:08.211 GMT-0400,173.702,173.678,120,370
12.04.2018 09:36:08.912 GMT-0400,173.703,173.67700000000002,120,370
12.04.2018 09:36:08.963 GMT-0400,173.703,173.667,120,75
12.04.2018 09:36:09.013 GMT-0400,173.692,173.668,100,75
12.04.2018 09:36:09.202 GMT-0400,173.692,173.66,120,7499.9998
12.04.2018 09:36:09.353 GMT-0400,173.703,173.657,10499.9999,450
12.04.2018 09:36:10.008 GMT-0400,173.68200000000002,173.658,100,450
12.04.2018 09:36:10.748 GMT-0400,173.673,173.657,120,670
12.04.2018 09:36:10.798 GMT-0400,173.68200000000002,173.658,100,670
12.04.2018 09:36:11.548 GMT-0400,173.692,173.668,100,460
12.04.2018 09:36:11.670 GMT-0400,173.703,173.678,120,7499.9998
12.04.2018 09:36:12.238 GMT-0400,173.692,173.678,120,370
12.04.2018 09:36:12.288 GMT-0400,173.69299999999998,173.667,120,370
12.04.2018 09:36:12.868 GMT-0400,173.692,173.668,120,300
12.04.2018 09:36:13.004 GMT-0400,173.683,173.657,120,10400
12.04.2018 09:36:13.055 GMT-0400,173.692,173.657,62,300
12.04.2018 09:36:13.603 GMT-0400,173.692,173.658,120,300
12.04.2018 09:36:13.653 GMT-0400,173.692,173.668,120,75
12.04.2018 09:36:14.212 GMT-0400,173.683,173.657,120,300
12.04.2018 09:36:14.460 GMT-0400,173.65200000000002,173.628,120,250
12.04.2018 09:36:14.708 GMT-0400,173.673,173.637,62,750
12.04.2018 09:36:14.764 GMT-0400,173.69299999999998,173.667,120,82
12.04.2018 09:36:14.815 GMT-0400,173.69299999999998,173.657,120,820
12.04.2018 09:36:15.689 GMT-0400,173.692,173.658,120,75
12.04.2018 09:36:16.028 GMT-0400,173.692,173.668,120,680
12.04.2018 09:36:17.546 GMT-0400,173.69299999999998,173.667,100,450
12.04.2018 09:36:17.864 GMT-0400,173.69299999999998,173.67700000000002,100,230
12.04.2018 09:36:18.966 GMT-0400,173.68200000000002,173.67000000000002,100,7499.9998
12.04.2018 09:36:19.016 GMT-0400,173.68200000000002,173.658,100,900
12.04.2018 09:36:19.428 GMT-0400,173.671,173.658,62,900
12.04.2018 09:36:19.817 GMT-0400,173.671,173.638,62,7499.9998
12.04.2018 09:36:19.868 GMT-0400,173.66,173.638,62,460
12.04.2018 09:36:20.198 GMT-0400,173.643,173.61700000000002,120,520
12.04.2018 09:36:21.107 GMT-0400,173.633,173.61700000000002,62,520
12.04.2018 09:36:21.690 GMT-0400,173.613,173.597,100,190
12.04.2018 09:36:22.395 GMT-0400,173.622,173.59799999999998,62,120
12.04.2018 09:36:22.634 GMT-0400,173.622,173.608,62,150
12.04.2018 09:36:22.691 GMT-0400,173.632,173.608,120,150
12.04.2018 09:36:22.742 GMT-0400,173.633,173.61700000000002,120,150
12.04.2018 09:36:23.241 GMT-0400,173.613,173.59799999999998,100,7499.9998
12.04.2018 09:36:23.743 GMT-0400,173.623,173.597,100,270
12.04.2018 09:36:25.452 GMT-0400,173.622,173.59799999999998,120,490
12.04.2018 09:36:25.660 GMT-0400,173.622,173.608,120,450
12.04.2018 09:36:26.804 GMT-0400,173.622,173.59799999999998,120,270
12.04.2018 09:36:26.855 GMT-0400,173.61200000000002,173.59799999999998,120,420
12.04.2018 09:36:27.351 GMT-0400,173.622,173.59799999999998,120,430
12.04.2018 09:36:27.595 GMT-0400,173.622,173.608,120,75
12.04.2018 09:36:27.726 GMT-0400,173.622,173.59799999999998,120,430
12.04.2018 09:36:28.124 GMT-0400,173.622,173.608,120,4
12.04.2018 09:36:28.375 GMT-0400,173.628,173.607,62,4
12.04.2018 09:36:28.596 GMT-0400,173.622,173.59799999999998,110,450
12.04.2018 09:36:28.991 GMT-0400,173.628,173.607,62,150
12.04.2018 09:36:29.042 GMT-0400,173.628,173.597,62,450
12.04.2018 09:36:29.610 GMT-0400,173.633,173.607,120,220
12.04.2018 09:36:30.366 GMT-0400,173.632,173.608,120,370
12.04.2018 09:36:30.850 GMT-0400,173.622,173.608,62,75
12.04.2018 09:36:31.378 GMT-0400,173.622,173.607,62,150
12.04.2018 09:36:31.529 GMT-0400,173.633,173.607,120,75
12.04.2018 09:36:32.132 GMT-0400,173.632,173.608,120,220
12.04.2018 09:36:32.568 GMT-0400,173.633,173.61700000000002,120,150
12.04.2018 09:36:32.618 GMT-0400,173.633,173.607,120,450
12.04.2018 09:36:33.033 GMT-0400,173.632,173.618,120,300
12.04.2018 09:36:33.083 GMT-0400,173.632,173.608,120,450
12.04.2018 09:36:33.678 GMT-0400,173.613,173.58,120,7499.9998
12.04.2018 09:36:33.729 GMT-0400,173.602,173.58,120,7499.9998
12.04.2018 09:36:34.076 GMT-0400,173.61200000000002,173.58700000000002,62,450
12.04.2018 09:36:34.127 GMT-0400,173.622,173.58700000000002,100,7499.9998
12.04.2018 09:36:34.598 GMT-0400,173.622,173.608,100,75
12.04.2018 09:36:35.162 GMT-0400,173.623,173.607,100,75
12.04.2018 09:36:35.914 GMT-0400,173.62,173.604,62,450
12.04.2018 09:36:35.965 GMT-0400,173.603,173.567,120,9999.9998
12.04.2018 09:36:36.195 GMT-0400,173.613,173.567,120,10999.9999
12.04.2018 09:36:36.289 GMT-0400,173.602,173.56799999999998,120,750
12.04.2018 09:36:36.846 GMT-0400,173.602,173.558,120,670
12.04.2018 09:36:36.896 GMT-0400,173.593,173.55700000000002,110,670
12.04.2018 09:36:37.536 GMT-0400,173.592,173.558,110,680
12.04.2018 09:36:37.848 GMT-0400,173.593,173.577,100,1
12.04.2018 09:36:37.948 GMT-0400,173.603,173.577,120,1
12.04.2018 09:36:38.600 GMT-0400,173.602,173.578,120,380
12.04.2018 09:36:38.962 GMT-0400,173.603,173.58700000000002,120,1
12.04.2018 09:36:39.104 GMT-0400,173.603,173.577,120,310
12.04.2018 09:36:39.604 GMT-0400,173.603,173.58700000000002,120,150
12.04.2018 09:36:40.128 GMT-0400,173.603,173.577,120,300
12.04.2018 09:36:40.229 GMT-0400,173.592,173.578,7,380
12.04.2018 09:36:41.048 GMT-0400,173.593,173.577,120,380
12.04.2018 09:36:42.016 GMT-0400,173.592,173.578,120,300
12.04.2018 09:36:42.483 GMT-0400,173.593,173.567,120,750
12.04.2018 09:36:42.996 GMT-0400,173.583,173.567,62,670
12.04.2018 09:36:43.047 GMT-0400,173.583,173.558,62,370
12.04.2018 09:36:43.552 GMT-0400,173.583,173.55700000000002,62,370
12.04.2018 09:36:44.083 GMT-0400,173.572,173.548,10,820
12.04.2018 09:36:44.134 GMT-0400,173.58200000000002,173.548,120,820
12.04.2018 09:36:44.663 GMT-0400,173.572,173.548,120,820
12.04.2018 09:36:45.196 GMT-0400,173.573,173.547,120,670
12.04.2018 09:36:45.522 GMT-0400,173.551,173.54,120,7499.9998
12.04.2018 09:36:45.573 GMT-0400,173.533,173.51700000000002,100,150
12.04.2018 09:36:45.730 GMT-0400,173.525,173.507,100,11599.9999
12.04.2018 09:36:46.152 GMT-0400,173.512,173.498,120,770
12.04.2018 09:36:46.591 GMT-0400,173.52200000000002,173.498,120,770
12.04.2018 09:36:46.641 GMT-0400,173.513,173.497,120,770
12.04.2018 09:36:47.092 GMT-0400,173.513,173.481,120,7499.9998
12.04.2018 09:36:47.424 GMT-0400,173.512,173.488,120,670
12.04.2018 09:36:47.916 GMT-0400,173.513,173.497,120,820
12.04.2018 09:36:47.967 GMT-0400,173.503,173.477,22,450
12.04.2018 09:36:48.316 GMT-0400,173.502,173.468,10499.9999,450
12.04.2018 09:36:49.616 GMT-0400,173.503,173.467,120,750
12.04.2018 09:36:49.961 GMT-0400,173.503,173.477,120,300
12.04.2018 09:36:50.012 GMT-0400,173.502,173.468,120,750
12.04.2018 09:36:50.389 GMT-0400,173.512,173.48,120,7499.9998
12.04.2018 09:36:50.699 GMT-0400,173.512,173.488,120,7499.9998
12.04.2018 09:36:51.397 GMT-0400,173.512,173.478,120,150
12.04.2018 09:36:51.454 GMT-0400,173.49200000000002,173.478,62,150
12.04.2018 09:36:51.504 GMT-0400,173.512,173.478,120,150
12.04.2018 09:36:51.778 GMT-0400,173.512,173.47099999999998,120,7499.9998
12.04.2018 09:36:51.828 GMT-0400,173.503,173.477,120,150
12.04.2018 09:36:51.878 GMT-0400,173.502,173.47099999999998,120,7499.9998
12.04.2018 09:36:51.929 GMT-0400,173.503,173.477,100,910
12.04.2018 09:36:52.246 GMT-0400,173.512,173.478,120,10700.0005
12.04.2018 09:36:52.724 GMT-0400,173.503,173.478,120,7499.9998
12.04.2018 09:36:53.106 GMT-0400,173.482,173.438,10400,400
12.04.2018 09:36:53.156 GMT-0400,173.46200000000002,173.438,62,400
12.04.2018 09:36:53.518 GMT-0400,173.453,173.437,110,370
12.04.2018 09:36:53.855 GMT-0400,173.442,173.428,4,75
12.04.2018 09:36:54.686 GMT-0400,173.44299999999998,173.42700000000002,100,75
12.04.2018 09:36:55.386 GMT-0400,173.433,173.417,4,82
12.04.2018 09:36:56.025 GMT-0400,173.43200000000002,173.418,120,150
12.04.2018 09:36:56.147 GMT-0400,173.44299999999998,173.42700000000002,100,75
12.04.2018 09:36:56.349 GMT-0400,173.442,173.418,120,75
12.04.2018 09:36:57.144 GMT-0400,173.44299999999998,173.417,120,10099.9996
12.04.2018 09:36:57.976 GMT-0400,173.442,173.428,120,900
12.04.2018 09:36:58.482 GMT-0400,173.44299999999998,173.42700000000002,120,1050
12.04.2018 09:36:59.065 GMT-0400,173.442,173.428,120,970
12.04.2018 09:36:59.498 GMT-0400,173.44299999999998,173.417,120,150
12.04.2018 09:37:00.148 GMT-0400,173.423,173.407,120,120
12.04.2018 09:37:01.692 GMT-0400,173.422,173.408,120,310
12.04.2018 09:37:03.209 GMT-0400,173.423,173.407,120,380
12.04.2018 09:37:03.637 GMT-0400,173.43200000000002,173.407,62,540
12.04.2018 09:37:04.309 GMT-0400,173.43200000000002,173.408,120,380
12.04.2018 09:37:04.409 GMT-0400,173.44299999999998,173.407,120,680
12.04.2018 09:37:04.617 GMT-0400,173.442,173.418,120,150
12.04.2018 09:37:05.047 GMT-0400,173.442,173.428,120,340
12.04.2018 09:37:05.238 GMT-0400,173.453,173.437,120,220
12.04.2018 09:37:05.533 GMT-0400,173.46200000000002,173.438,120,300
12.04.2018 09:37:05.776 GMT-0400,173.463,173.447,120,750
12.04.2018 09:37:05.877 GMT-0400,173.482,173.458,100,10200.0004
12.04.2018 09:37:06.181 GMT-0400,173.5,173.458,62,7499.9998
12.04.2018 09:37:06.487 GMT-0400,173.5,173.468,62,150
12.04.2018 09:37:07.321 GMT-0400,173.482,173.448,62,750
12.04.2018 09:37:07.372 GMT-0400,173.472,173.448,120,750
12.04.2018 09:37:07.687 GMT-0400,173.482,173.458,10200.0004,150
12.04.2018 09:37:08.373 GMT-0400,173.502,173.468,120,310
12.04.2018 09:37:09.112 GMT-0400,173.49200000000002,173.458,120,150
12.04.2018 09:37:11.258 GMT-0400,173.493,173.45700000000002,100,600
12.04.2018 09:37:11.590 GMT-0400,173.493,173.477,100,75
12.04.2018 09:37:11.743 GMT-0400,173.503,173.477,120,370
12.04.2018 09:37:11.918 GMT-0400,173.493,173.477,120,220
12.04.2018 09:37:12.200 GMT-0400,173.482,173.458,10200.0004,220
12.04.2018 09:37:12.805 GMT-0400,173.472,173.428,120,370
12.04.2018 09:37:13.190 GMT-0400,173.463,173.42700000000002,100,450
12.04.2018 09:37:13.562 GMT-0400,173.46200000000002,173.438,100,75
12.04.2018 09:37:14.687 GMT-0400,173.463,173.437,100,370
12.04.2018 09:37:15.132 GMT-0400,173.483,173.448,62,380
12.04.2018 09:37:15.183 GMT-0400,173.483,173.437,62,820
12.04.2018 09:37:15.770 GMT-0400,173.503,173.437,120,450
12.04.2018 09:37:15.984 GMT-0400,173.49200000000002,173.448,120,820
12.04.2018 09:37:16.223 GMT-0400,173.49200000000002,173.438,120,450
12.04.2018 09:37:16.474 GMT-0400,173.49200000000002,173.448,100,820
12.04.2018 09:37:17.055 GMT-0400,173.52,173.488,62,450
12.04.2018 09:37:17.632 GMT-0400,173.532,173.488,120,450
12.04.2018 09:37:18.135 GMT-0400,173.533,173.497,120,160
12.04.2018 09:37:18.186 GMT-0400,173.533,173.48700000000002,120,520
12.04.2018 09:37:18.799 GMT-0400,173.533,173.497,120,750
12.04.2018 09:37:19.289 GMT-0400,173.55200000000002,173.528,100,1
12.04.2018 09:37:19.391 GMT-0400,173.533,173.497,120,7499.9998
12.04.2018 09:37:19.643 GMT-0400,173.532,173.508,62,670
12.04.2018 09:37:19.977 GMT-0400,173.553,173.528,62,75
12.04.2018 09:37:20.388 GMT-0400,173.542,173.518,120,450
12.04.2018 09:37:20.705 GMT-0400,173.52200000000002,173.508,100,75
12.04.2018 09:37:20.764 GMT-0400,173.523,173.497,100,260
12.04.2018 09:37:21.498 GMT-0400,173.54,173.498,62,190
12.04.2018 09:37:21.549 GMT-0400,173.54,173.508,62,75
12.04.2018 09:37:21.983 GMT-0400,173.553,173.507,120,75
12.04.2018 09:37:22.033 GMT-0400,173.543,173.507,120,75
12.04.2018 09:37:22.610 GMT-0400,173.542,173.508,100,150
12.04.2018 09:37:23.051 GMT-0400,173.532,173.508,120,520
12.04.2018 09:37:23.549 GMT-0400,173.55200000000002,173.535,62,75
12.04.2018 09:37:23.600 GMT-0400,173.553,173.528,100,7499.9998
12.04.2018 09:37:24.224 GMT-0400,173.55200000000002,173.528,120,7499.9998
12.04.2018 09:37:24.555 GMT-0400,173.55200000000002,173.518,120,75
12.04.2018 09:37:24.606 GMT-0400,173.533,173.507,120,600
12.04.2018 09:37:25.297 GMT-0400,173.532,173.508,120,520
12.04.2018 09:37:26.019 GMT-0400,173.533,173.507,20,360
12.04.2018 09:37:26.582 GMT-0400,173.532,173.508,120,360
12.04.2018 09:37:26.965 GMT-0400,173.553,173.507,10400,440
12.04.2018 09:37:27.027 GMT-0400,173.543,173.507,120,360
12.04.2018 09:37:27.079 GMT-0400,173.55200000000002,173.508,120,700
12.04.2018 09:37:27.378 GMT-0400,173.543,173.507,120,400
12.04.2018 09:37:28.281 GMT-0400,173.532,173.507,62,400
12.04.2018 09:37:28.332 GMT-0400,173.513,173.478,120,7499.9998
12.04.2018 09:37:28.535 GMT-0400,173.52200000000002,173.478,120,10700.0005
12.04.2018 09:37:28.666 GMT-0400,173.512,173.478,120,10700.0005
12.04.2018 09:37:29.272 GMT-0400,173.513,173.478,120,7499.9998
12.04.2018 09:37:30.088 GMT-0400,173.512,173.481,19,7499.9998
12.04.2018 09:37:30.138 GMT-0400,173.532,173.498,100,750
12.04.2018 09:37:30.189 GMT-0400,173.532,173.508,100,150
12.04.2018 09:37:30.495 GMT-0400,173.533,173.497,100,220
12.04.2018 09:37:30.546 GMT-0400,173.543,173.507,100,75
12.04.2018 09:37:30.903 GMT-0400,173.563,173.537,120,75
12.04.2018 09:37:31.686 GMT-0400,173.562,173.53799999999998,120,220
12.04.2018 09:37:32.361 GMT-0400,173.563,173.537,120,370
12.04.2018 09:37:33.511 GMT-0400,173.58200000000002,173.547,62,370
12.04.2018 09:37:33.573 GMT-0400,173.573,173.537,120,300
12.04.2018 09:37:33.623 GMT-0400,173.573,173.547,120,75
12.04.2018 09:37:34.027 GMT-0400,173.562,173.53799999999998,2,220
12.04.2018 09:37:34.658 GMT-0400,173.562,173.548,100,75
12.04.2018 09:37:35.041 GMT-0400,173.602,173.577,56,7499.9998
12.04.2018 09:37:35.531 GMT-0400,173.623,173.577,10200.0004,7499.9998
12.04.2018 09:37:35.995 GMT-0400,173.623,173.55700000000002,120,670
12.04.2018 09:37:36.392 GMT-0400,173.602,173.558,100,670
12.04.2018 09:37:37.025 GMT-0400,173.603,173.55700000000002,120,300
12.04.2018 09:37:37.388 GMT-0400,173.603,173.567,100,310
12.04.2018 09:37:37.714 GMT-0400,173.603,173.58,100,7499.9998
12.04.2018 09:37:37.764 GMT-0400,173.622,173.597,120,7499.9998
12.04.2018 09:37:37.995 GMT-0400,173.643,173.597,120,10900.0001
12.04.2018 09:37:38.197 GMT-0400,173.65200000000002,173.59799999999998,120,670
12.04.2018 09:37:38.963 GMT-0400,173.653,173.597,120,670
12.04.2018 09:37:39.151 GMT-0400,173.632,173.588,110,670
12.04.2018 09:37:39.204 GMT-0400,173.65200000000002,173.588,120,750
12.04.2018 09:37:39.411 GMT-0400,173.64200000000002,173.58,120,7499.9998
12.04.2018 09:37:39.791 GMT-0400,173.653,173.58700000000002,120,520
12.04.2018 09:37:40.592 GMT-0400,173.65200000000002,173.59799999999998,120,160
12.04.2018 09:37:40.920 GMT-0400,173.65200000000002,173.608,120,150
12.04.2018 09:37:41.433 GMT-0400,173.653,173.607,120,150
12.04.2018 09:37:41.954 GMT-0400,173.672,173.628,120,75
12.04.2018 09:37:42.620 GMT-0400,173.66299999999998,173.627,120,75
12.04.2018 09:37:43.209 GMT-0400,173.653,173.627,110,75
12.04.2018 09:37:43.524 GMT-0400,173.64200000000002,173.61700000000002,62,150
12.04.2018 09:37:44.049 GMT-0400,173.64200000000002,173.618,10099.9996,450
12.04.2018 09:37:44.672 GMT-0400,173.643,173.61700000000002,100,450
12.04.2018 09:37:45.179 GMT-0400,173.64200000000002,173.618,100,380
12.04.2018 09:37:45.981 GMT-0400,173.643,173.61700000000002,100,380
12.04.2018 09:37:46.458 GMT-0400,173.662,173.638,120,220
12.04.2018 09:37:46.768 GMT-0400,173.683,173.667,120,150
12.04.2018 09:37:47.338 GMT-0400,173.692,173.668,62,230
12.04.2018 09:37:48.236 GMT-0400,173.692,173.678,62,76
12.04.2018 09:37:48.392 GMT-0400,173.702,173.678,120,76
12.04.2018 09:37:48.443 GMT-0400,173.722,173.698,120,1
12.04.2018 09:37:48.846 GMT-0400,173.71200000000002,173.678,10,10099.9996
12.04.2018 09:37:48.897 GMT-0400,173.72299999999998,173.678,120,9999.9998
12.04.2018 09:37:49.019 GMT-0400,173.713,173.678,120,9999.9998
12.04.2018 09:37:49.309 GMT-0400,173.71200000000002,173.668,120,10800.0003
12.04.2018 09:37:49.543 GMT-0400,173.713,173.67700000000002,100,760
12.04.2018 09:37:49.888 GMT-0400,173.703,173.67700000000002,10,450
12.04.2018 09:37:50.636 GMT-0400,173.692,173.669,10,7499.9998
12.04.2018 09:37:50.690 GMT-0400,173.702,173.669,120,7499.9998
12.04.2018 09:37:51.246 GMT-0400,173.673,173.658,120,520
12.04.2018 09:37:51.296 GMT-0400,173.683,173.657,10200.0004,520
12.04.2018 09:37:51.347 GMT-0400,173.672,173.648,120,370
12.04.2018 09:37:51.992 GMT-0400,173.673,173.64700000000002,120,150
12.04.2018 09:37:52.713 GMT-0400,173.672,173.658,120,150
12.04.2018 09:37:53.224 GMT-0400,173.683,173.657,100,150
12.04.2018 09:37:53.902 GMT-0400,173.68200000000002,173.658,120,320
12.04.2018 09:37:54.330 GMT-0400,173.673,173.64700000000002,10099.9996,390
12.04.2018 09:37:55.181 GMT-0400,173.69299999999998,173.668,62,480
12.04.2018 09:37:55.595 GMT-0400,173.713,173.667,100,480
12.04.2018 09:37:55.645 GMT-0400,173.71200000000002,173.678,100,260
12.04.2018 09:37:55.700 GMT-0400,173.722,173.678,10200.0004,640
12.04.2018 09:37:56.596 GMT-0400,173.72299999999998,173.67700000000002,120,710
12.04.2018 09:37:57.203 GMT-0400,173.722,173.678,120,630
12.04.2018 09:37:57.410 GMT-0400,173.72299999999998,173.687,120,670
12.04.2018 09:37:57.460 GMT-0400,173.722,173.678,120,900
12.04.2018 09:37:57.511 GMT-0400,173.72299999999998,173.687,120,75
12.04.2018 09:37:58.590 GMT-0400,173.713,173.687,110,150
12.04.2018 09:37:59.111 GMT-0400,173.702,173.688,120,370
12.04.2018 09:37:59.185 GMT-0400,173.71200000000002,173.688,100,370
12.04.2018 09:37:59.300 GMT-0400,173.72299999999998,173.687,120,370
12.04.2018 09:37:59.495 GMT-0400,173.703,173.687,120,370
12.04.2018 09:37:59.954 GMT-0400,173.722,173.688,120,370
12.04.2018 09:38:00.075 GMT-0400,173.722,173.698,10099.9996,370
12.04.2018 09:38:00.126 GMT-0400,173.743,173.697,120,670
12.04.2018 09:38:00.352 GMT-0400,173.74200000000002,173.708,100,460
12.04.2018 09:38:00.993 GMT-0400,173.752,173.708,120,390
12.04.2018 09:38:01.044 GMT-0400,173.753,173.727,120,82
12.04.2018 09:38:01.499 GMT-0400,173.732,173.708,120,75
12.04.2018 09:38:02.068 GMT-0400,173.733,173.70700000000002,120,370
12.04.2018 09:38:02.382 GMT-0400,173.722,173.708,100,370
12.04.2018 09:38:03.014 GMT-0400,173.72299999999998,173.70700000000002,100,290
12.04.2018 09:38:03.115 GMT-0400,173.732,173.708,120,290
12.04.2018 09:38:03.933 GMT-0400,173.733,173.70700000000002,120,370
12.04.2018 09:38:04.199 GMT-0400,173.752,173.70700000000002,62,290
12.04.2018 09:38:04.719 GMT-0400,173.752,173.708,120,290
12.04.2018 09:38:05.624 GMT-0400,173.753,173.70700000000002,120,370
12.04.2018 09:38:05.675 GMT-0400,173.753,173.717,120,150
12.04.2018 09:38:05.886 GMT-0400,173.753,173.70700000000002,120,520
12.04.2018 09:38:06.327 GMT-0400,173.733,173.70700000000002,120,300
12.04.2018 09:38:06.500 GMT-0400,173.732,173.698,120,380
12.04.2018 09:38:07.160 GMT-0400,173.722,173.69,100,7499.9998
12.04.2018 09:38:08.003 GMT-0400,173.71200000000002,173.67900000000003,110,7499.9998
12.04.2018 09:38:08.244 GMT-0400,173.692,173.658,100,670
12.04.2018 09:38:08.324 GMT-0400,173.702,173.658,120,670
12.04.2018 09:38:08.568 GMT-0400,173.71200000000002,173.657,62,670
12.04.2018 09:38:08.618 GMT-0400,173.71200000000002,173.667,62,150
12.04.2018 09:38:09.134 GMT-0400,173.71200000000002,173.668,62,150
12.04.2018 09:38:09.184 GMT-0400,173.722,173.668,120,150
12.04.2018 09:38:09.381 GMT-0400,173.692,173.668,62,150
12.04.2018 09:38:09.690 GMT-0400,173.68200000000002,173.658,100,750
12.04.2018 09:38:10.528 GMT-0400,173.683,173.657,100,10599.9997
12.04.2018 09:38:11.071 GMT-0400,173.66299999999998,173.64700000000002,10,300
12.04.2018 09:38:11.122 GMT-0400,173.673,173.648,62,300
12.04.2018 09:38:11.760 GMT-0400,173.68200000000002,173.648,120,300
12.04.2018 09:38:11.853 GMT-0400,173.66299999999998,173.64700000000002,100,300
12.04.2018 09:38:12.335 GMT-0400,173.65200000000002,173.62099999999998,120,7499.9998
12.04.2018 09:38:12.698 GMT-0400,173.643,173.62099999999998,120,7499.9998
12.04.2018 09:38:12.748 GMT-0400,173.632,173.608,120,150
12.04.2018 09:38:12.819 GMT-0400,173.623,173.59900000000002,10,7499.9998
12.04.2018 09:38:12.955 GMT-0400,173.632,173.59900000000002,120,7499.9998
12.04.2018 09:38:13.007 GMT-0400,173.64200000000002,173.59900000000002,120,7499.9998
12.04.2018 09:38:13.057 GMT-0400,173.623,173.59900000000002,10,7499.9998
12.04.2018 09:38:13.107 GMT-0400,173.613,173.58700000000002,100,1120
12.04.2018 09:38:13.349 GMT-0400,173.603,173.58700000000002,100,370
12.04.2018 09:38:13.400 GMT-0400,173.61200000000002,173.588,120,220
12.04.2018 09:38:13.839 GMT-0400,173.592,173.56799999999998,120,600
12.04.2018 09:38:14.379 GMT-0400,173.593,173.567,120,600
12.04.2018 09:38:15.143 GMT-0400,173.602,173.578,120,670
12.04.2018 09:38:15.630 GMT-0400,173.61200000000002,173.577,62,680
12.04.2018 09:38:15.731 GMT-0400,173.61200000000002,173.597,62,750
12.04.2018 09:38:15.781 GMT-0400,173.64200000000002,173.59799999999998,2,820
12.04.2018 09:38:15.832 GMT-0400,173.662,173.597,62,820
12.04.2018 09:38:16.295 GMT-0400,173.66299999999998,173.61,120,7499.9998
12.04.2018 09:38:16.603 GMT-0400,173.672,173.638,120,150
12.04.2018 09:38:17.120 GMT-0400,173.68200000000002,173.638,120,150
12.04.2018 09:38:17.972 GMT-0400,173.683,173.637,120,220
12.04.2018 09:38:18.146 GMT-0400,173.673,173.637,100,220
12.04.2018 09:38:20.027 GMT-0400,173.662,173.628,120,7499.9998
12.04.2018 09:38:20.226 GMT-0400,173.673,173.628,120,7499.9998
12.04.2018 09:38:20.402 GMT-0400,173.673,173.607,120,300
12.04.2018 09:38:20.492 GMT-0400,173.672,173.618,120,600
12.04.2018 09:38:20.794 GMT-0400,173.653,173.61700000000002,100,820
12.04.2018 09:38:21.352 GMT-0400,173.65200000000002,173.618,100,520
12.04.2018 09:38:21.813 GMT-0400,173.62599999999998,173.61,10,7499.9998
12.04.2018 09:38:21.864 GMT-0400,173.633,173.597,100,520
12.04.2018 09:38:22.369 GMT-0400,173.632,173.59799999999998,120,150
12.04.2018 09:38:23.372 GMT-0400,173.632,173.608,100,900
12.04.2018 09:38:23.695 GMT-0400,173.65200000000002,173.628,120,970
12.04.2018 09:38:24.348 GMT-0400,173.662,173.637,62,310
12.04.2018 09:38:24.399 GMT-0400,173.672,173.648,120,150
12.04.2018 09:38:24.923 GMT-0400,173.673,173.64700000000002,120,75
12.04.2018 09:38:25.997 GMT-0400,173.66299999999998,173.637,120,10099.9996
12.04.2018 09:38:26.584 GMT-0400,173.662,173.638,120,150
12.04.2018 09:38:27.101 GMT-0400,173.643,173.627,120,340
12.04.2018 09:38:27.403 GMT-0400,173.643,173.607,10400,370
12.04.2018 09:38:27.727 GMT-0400,173.632,173.608,100,300
12.04.2018 09:38:27.779 GMT-0400,173.632,173.6,100,7499.9998
12.04.2018 09:38:27.830 GMT-0400,173.613,173.597,50,650
12.04.2018 09:38:27.932 GMT-0400,173.613,173.58700000000002,120,670
12.04.2018 09:38:29.377 GMT-0400,173.61200000000002,173.588,50,670
12.04.2018 09:38:29.961 GMT-0400,173.613,173.58700000000002,50,750
12.04.2018 09:38:30.634 GMT-0400,173.61200000000002,173.588,120,600
12.04.2018 09:38:31.323 GMT-0400,173.602,173.588,100,300
12.04.2018 09:38:32.384 GMT-0400,173.603,173.58700000000002,100,150
12.04.2018 09:38:33.972 GMT-0400,173.602,173.588,100,220
12.04.2018 09:38:34.375 GMT-0400,173.61200000000002,173.58700000000002,62,760
12.04.2018 09:38:34.706 GMT-0400,173.602,173.588,100,220
12.04.2018 09:38:34.831 GMT-0400,173.613,173.597,10099.9996,75
12.04.2018 09:38:34.932 GMT-0400,173.643,173.607,120,220
12.04.2018 09:38:35.170 GMT-0400,173.632,173.6,110,7499.9998
12.04.2018 09:38:35.220 GMT-0400,173.622,173.588,100,220
12.04.2018 09:38:35.306 GMT-0400,173.633,173.58700000000002,62,220
12.04.2018 09:38:36.141 GMT-0400,173.64200000000002,173.588,100,300
12.04.2018 09:38:36.598 GMT-0400,173.64200000000002,173.59799999999998,100,75
12.04.2018 09:38:37.098 GMT-0400,173.66299999999998,173.597,11099.9998,300
12.04.2018 09:38:37.148 GMT-0400,173.662,173.607,62,670
12.04.2018 09:38:37.563 GMT-0400,173.633,173.607,100,75
12.04.2018 09:38:38.508 GMT-0400,173.653,173.627,62,150
12.04.2018 09:38:38.609 GMT-0400,173.66299999999998,173.627,120,75
12.04.2018 09:38:39.343 GMT-0400,173.653,173.627,120,75
12.04.2018 09:38:39.653 GMT-0400,173.662,173.628,120,450
12.04.2018 09:38:39.704 GMT-0400,173.65200000000002,173.638,120,150
12.04.2018 09:38:40.167 GMT-0400,173.64200000000002,173.618,120,520
12.04.2018 09:38:40.217 GMT-0400,173.632,173.618,100,150
12.04.2018 09:38:40.326 GMT-0400,173.643,173.61700000000002,62,150
12.04.2018 09:38:40.559 GMT-0400,173.633,173.61700000000002,100,150
12.04.2018 09:38:40.662 GMT-0400,173.643,173.607,62,9999.9998
12.04.2018 09:38:40.720 GMT-0400,173.639,173.628,100,7499.9998
12.04.2018 09:38:40.771 GMT-0400,173.65200000000002,173.618,10200.0004,450
12.04.2018 09:38:41.006 GMT-0400,173.65200000000002,173.638,62,150
12.04.2018 09:38:41.706 GMT-0400,173.653,173.627,120,7499.9998
12.04.2018 09:38:41.757 GMT-0400,173.633,173.61700000000002,100,150
12.04.2018 09:38:41.928 GMT-0400,173.623,173.597,120,530
12.04.2018 09:38:42.292 GMT-0400,173.61200000000002,173.59799999999998,100,370
12.04.2018 09:38:42.342 GMT-0400,173.603,173.577,100,600
12.04.2018 09:38:42.393 GMT-0400,173.602,173.571,100,7499.9998
12.04.2018 09:38:42.443 GMT-0400,173.603,173.58700000000002,100,1
12.04.2018 09:38:42.494 GMT-0400,173.593,173.571,100,7499.9998
12.04.2018 09:38:43.079 GMT-0400,173.593,173.567,100,600
12.04.2018 09:38:43.437 GMT-0400,173.592,173.56099999999998,120,7499.9998
12.04.2018 09:38:43.487 GMT-0400,173.58200000000002,173.56099999999998,120,7499.9998
12.04.2018 09:38:44.089 GMT-0400,173.583,173.55700000000002,120,450
12.04.2018 09:38:44.190 GMT-0400,173.583,173.551,120,7499.9998
12.04.2018 09:38:44.436 GMT-0400,173.573,173.551,100,7499.9998
12.04.2018 09:38:44.700 GMT-0400,173.58200000000002,173.558,120,75
12.04.2018 09:38:45.133 GMT-0400,173.563,173.53799999999998,120,7499.9998
12.04.2018 09:38:45.244 GMT-0400,173.553,173.537,100,300
12.04.2018 09:38:45.294 GMT-0400,173.55200000000002,173.528,100,450
12.04.2018 09:38:45.549 GMT-0400,173.562,173.528,62,450
12.04.2018 09:38:45.599 GMT-0400,173.562,173.537,62,75
12.04.2018 09:38:45.650 GMT-0400,173.562,173.52700000000002,62,520
12.04.2018 09:38:45.700 GMT-0400,173.562,173.53799999999998,62,150
12.04.2018 09:38:45.934 GMT-0400,173.58200000000002,173.55700000000002,62,370
12.04.2018 09:38:46.468 GMT-0400,173.58200000000002,173.567,62,150
12.04.2018 09:38:46.738 GMT-0400,173.592,173.56799999999998,120,370
12.04.2018 09:38:47.353 GMT-0400,173.61200000000002,173.56799999999998,62,900
12.04.2018 09:38:47.691 GMT-0400,173.622,173.56799999999998,120,600
12.04.2018 09:38:47.782 GMT-0400,173.623,173.577,120,160
12.04.2018 09:38:47.934 GMT-0400,173.622,173.56799999999998,120,520
12.04.2018 09:38:47.984 GMT-0400,173.602,173.56799999999998,100,520
12.04.2018 09:38:48.439 GMT-0400,173.603,173.577,100,150
12.04.2018 09:38:49.454 GMT-0400,173.602,173.56799999999998,100,670
12.04.2018 09:38:49.607 GMT-0400,173.613,173.567,62,670
12.04.2018 09:38:49.658 GMT-0400,173.613,173.578,62,150
12.04.2018 09:38:49.708 GMT-0400,173.622,173.578,120,150
12.04.2018 09:38:50.006 GMT-0400,173.633,173.577,10200.0004,220
12.04.2018 09:38:50.798 GMT-0400,173.622,173.577,62,220
12.04.2018 09:38:51.281 GMT-0400,173.602,173.578,62,600
12.04.2018 09:38:51.331 GMT-0400,173.622,173.577,62,450
12.04.2018 09:38:51.891 GMT-0400,173.633,173.577,120,150
12.04.2018 09:38:52.758 GMT-0400,173.632,173.588,100,380
12.04.2018 09:38:52.809 GMT-0400,173.633,173.577,100,450
12.04.2018 09:38:52.859 GMT-0400,173.632,173.588,100,220
12.04.2018 09:38:53.405 GMT-0400,173.64200000000002,173.588,120,75
12.04.2018 09:38:53.928 GMT-0400,173.653,173.58700000000002,10200.0004,210
12.04.2018 09:38:53.984 GMT-0400,173.613,173.58700000000002,100,210
12.04.2018 09:38:54.356 GMT-0400,173.623,173.597,62,300
12.04.2018 09:38:54.457 GMT-0400,173.623,173.58700000000002,10099.9996,450
12.04.2018 09:38:54.688 GMT-0400,173.622,173.605,100,75
12.04.2018 09:38:54.883 GMT-0400,173.632,173.607,62,380
12.04.2018 09:38:55.200 GMT-0400,173.632,173.61700000000002,62,75
12.04.2018 09:38:55.593 GMT-0400,173.653,173.61700000000002,100,10099.9996
12.04.2018 09:38:55.644 GMT-0400,173.653,173.627,100,75
12.04.2018 09:38:56.366 GMT-0400,173.65200000000002,173.628,5,300
12.04.2018 09:38:56.695 GMT-0400,173.631,173.61900000000003,100,7499.9998
12.04.2018 09:38:56.748 GMT-0400,173.643,173.607,62,220
12.04.2018 09:38:57.018 GMT-0400,173.623,173.607,100,220
12.04.2018 09:38:57.778 GMT-0400,173.622,173.59799999999998,120,370
12.04.2018 09:38:58.531 GMT-0400,173.613,173.597,10,75
12.04.2018 09:38:58.581 GMT-0400,173.622,173.59799999999998,120,75
12.04.2018 09:38:59.379 GMT-0400,173.622,173.597,62,75
12.04.2018 09:38:59.480 GMT-0400,173.61200000000002,173.59799999999998,100,75
12.04.2018 09:39:00.215 GMT-0400,173.632,173.59799999999998,10099.9996,490
12.04.2018 09:39:00.399 GMT-0400,173.65200000000002,173.59799999999998,120,860
12.04.2018 09:39:00.849 GMT-0400,173.628,173.59799999999998,62,7499.9998
12.04.2018 09:39:01.213 GMT-0400,173.628,173.59799999999998,62,9999.9998
12.04.2018 09:39:01.734 GMT-0400,173.628,173.607,62,300
12.04.2018 09:39:01.850 GMT-0400,173.653,173.607,100,380
12.04.2018 09:39:02.029 GMT-0400,173.653,173.61700000000002,5,600
12.04.2018 09:39:02.132 GMT-0400,173.66299999999998,173.61700000000002,120,530
12.04.2018 09:39:02.449 GMT-0400,173.662,173.628,120,220
12.04.2018 09:39:03.851 GMT-0400,173.66299999999998,173.627,120,150
12.04.2018 09:39:04.807 GMT-0400,173.66299999999998,173.637,120,230
12.04.2018 09:39:05.047 GMT-0400,173.662,173.628,10499.9999,370
12.04.2018 09:39:05.544 GMT-0400,173.662,173.61700000000002,62,660
12.04.2018 09:39:06.479 GMT-0400,173.66299999999998,173.627,120,750
12.04.2018 09:39:06.998 GMT-0400,173.662,173.628,120,820
12.04.2018 09:39:07.376 GMT-0400,173.65200000000002,173.628,100,750
12.04.2018 09:39:08.192 GMT-0400,173.662,173.62,120,7499.9998
12.04.2018 09:39:08.760 GMT-0400,173.65200000000002,173.62,120,7499.9998
12.04.2018 09:39:09.066 GMT-0400,173.632,173.603,62,7499.9998
12.04.2018 09:39:09.384 GMT-0400,173.623,173.597,62,900
12.04.2018 09:39:09.741 GMT-0400,173.592,173.578,100,75
12.04.2018 09:39:09.988 GMT-0400,173.583,173.55700000000002,120,600
12.04.2018 09:39:10.136 GMT-0400,173.573,173.55200000000002,110,7499.9998
12.04.2018 09:39:10.360 GMT-0400,173.583,173.55200000000002,120,7499.9998
12.04.2018 09:39:10.673 GMT-0400,173.56400000000002,173.55200000000002,10,7499.9998
12.04.2018 09:39:10.899 GMT-0400,173.562,173.53799999999998,120,75
12.04.2018 09:39:10.986 GMT-0400,173.572,173.53799999999998,120,75
12.04.2018 09:39:11.036 GMT-0400,173.553,173.52700000000002,100,1200.0001
12.04.2018 09:39:11.704 GMT-0400,173.532,173.512,10,7499.9998
12.04.2018 09:39:11.756 GMT-0400,173.553,173.497,10200.0004,680
12.04.2018 09:39:12.704 GMT-0400,173.55200000000002,173.498,120,450
12.04.2018 09:39:13.058 GMT-0400,173.562,173.508,120,600
12.04.2018 09:39:13.376 GMT-0400,173.563,173.51700000000002,120,380
12.04.2018 09:39:13.705 GMT-0400,173.563,173.52700000000002,120,370
12.04.2018 09:39:14.467 GMT-0400,173.58200000000002,173.53799999999998,10099.9996,310
12.04.2018 09:39:14.517 GMT-0400,173.58200000000002,173.558,62,390
12.04.2018 09:39:14.719 GMT-0400,173.603,173.577,100,220
12.04.2018 09:39:15.100 GMT-0400,173.61200000000002,173.578,62,150
12.04.2018 09:39:15.487 GMT-0400,173.623,173.58700000000002,120,75
12.04.2018 09:39:16.197 GMT-0400,173.602,173.578,10,220
12.04.2018 09:39:16.320 GMT-0400,173.61200000000002,173.578,100,220
12.04.2018 09:39:16.964 GMT-0400,173.592,173.578,120,75
12.04.2018 09:39:17.207 GMT-0400,173.593,173.56799999999998,120,7499.9998
12.04.2018 09:39:17.550 GMT-0400,173.58200000000002,173.558,120,75
12.04.2018 09:39:18.168 GMT-0400,173.573,173.537,120,52
12.04.2018 09:39:18.219 GMT-0400,173.572,173.528,120,470
12.04.2018 09:39:18.709 GMT-0400,173.562,173.528,120,75
12.04.2018 09:39:19.322 GMT-0400,173.533,173.507,120,220
12.04.2018 09:39:19.974 GMT-0400,173.52200000000002,173.498,10,300
12.04.2018 09:39:20.026 GMT-0400,173.523,173.489,120,7499.9998
12.04.2018 09:39:20.585 GMT-0400,173.513,173.478,62,520
12.04.2018 09:39:20.635 GMT-0400,173.502,173.478,100,520
12.04.2018 09:39:20.885 GMT-0400,173.533,173.507,100,150
12.04.2018 09:39:21.971 GMT-0400,173.553,173.51700000000002,62,2
12.04.2018 09:39:22.354 GMT-0400,173.533,173.49900000000002,120,7499.9998
12.04.2018 09:39:22.405 GMT-0400,173.542,173.49900000000002,120,7499.9998
12.04.2018 09:39:22.743 GMT-0400,173.55200000000002,173.49900000000002,120,7499.9998
12.04.2018 09:39:22.914 GMT-0400,173.543,173.497,120,300
12.04.2018 09:39:23.432 GMT-0400,173.52200000000002,173.488,110,10200.0004
12.04.2018 09:39:23.774 GMT-0400,173.503,173.477,120,450
12.04.2018 09:39:25.445 GMT-0400,173.502,173.478,120,450
12.04.2018 09:39:25.759 GMT-0400,173.49200000000002,173.458,69,10800.0003
12.04.2018 09:39:25.939 GMT-0400,173.472,173.448,120,190
12.04.2018 09:39:27.196 GMT-0400,173.472,173.447,62,190
12.04.2018 09:39:27.367 GMT-0400,173.502,173.458,10499.9999,7
12.04.2018 09:39:27.468 GMT-0400,173.482,173.448,120,150
12.04.2018 09:39:28.051 GMT-0400,173.49200000000002,173.448,120,190
12.04.2018 09:39:28.300 GMT-0400,173.482,173.448,120,190
12.04.2018 09:39:28.475 GMT-0400,173.49200000000002,173.448,120,190
12.04.2018 09:39:28.627 GMT-0400,173.493,173.458,62,150
12.04.2018 09:39:28.682 GMT-0400,173.502,173.458,120,150
12.04.2018 09:39:29.059 GMT-0400,173.49200000000002,173.458,120,75
12.04.2018 09:39:29.393 GMT-0400,173.483,173.447,120,10300.0002
12.04.2018 09:39:29.494 GMT-0400,173.493,173.447,120,10499.9999
12.04.2018 09:39:29.595 GMT-0400,173.483,173.447,120,10300.0002
12.04.2018 09:39:30.123 GMT-0400,173.46200000000002,173.448,120,140
12.04.2018 09:39:30.332 GMT-0400,173.46200000000002,173.438,120,75
12.04.2018 09:39:30.383 GMT-0400,173.463,173.447,120,150
12.04.2018 09:39:30.965 GMT-0400,173.453,173.438,120,7499.9998
12.04.2018 09:39:31.017 GMT-0400,173.463,173.437,120,75
12.04.2018 09:39:31.465 GMT-0400,173.46200000000002,173.448,120,49
12.04.2018 09:39:31.537 GMT-0400,173.463,173.437,120,75
12.04.2018 09:39:31.588 GMT-0400,173.452,173.438,100,75
12.04.2018 09:39:32.178 GMT-0400,173.452,173.428,100,220
12.04.2018 09:39:32.348 GMT-0400,173.433,173.39700000000002,120,1300
12.04.2018 09:39:32.449 GMT-0400,173.44299999999998,173.39700000000002,10400,1050
12.04.2018 09:39:32.499 GMT-0400,173.41299999999998,173.382,120,7499.9998
12.04.2018 09:39:32.951 GMT-0400,173.403,173.377,62,410
12.04.2018 09:39:33.051 GMT-0400,173.403,173.357,10599.9997,670
12.04.2018 09:39:33.102 GMT-0400,173.40200000000002,173.368,100,670
12.04.2018 09:39:33.433 GMT-0400,173.403,173.388,62,230
12.04.2018 09:39:33.525 GMT-0400,173.422,173.388,120,230
12.04.2018 09:39:33.800 GMT-0400,173.433,173.387,120,220
12.04.2018 09:39:33.976 GMT-0400,173.43200000000002,173.378,120,370
12.04.2018 09:39:34.034 GMT-0400,173.422,173.378,120,300
12.04.2018 09:39:34.438 GMT-0400,173.423,173.357,120,750
12.04.2018 09:39:34.510 GMT-0400,173.412,173.368,120,75
12.04.2018 09:39:34.560 GMT-0400,173.423,173.377,120,800
12.04.2018 09:39:34.611 GMT-0400,173.41299999999998,173.36700000000002,120,75
12.04.2018 09:39:34.913 GMT-0400,173.382,173.368,100,75
12.04.2018 09:39:35.227 GMT-0400,173.363,173.347,100,76
12.04.2018 09:39:35.505 GMT-0400,173.382,173.34799999999998,100,150
12.04.2018 09:39:35.769 GMT-0400,173.383,173.358,62,150
12.04.2018 09:39:35.877 GMT-0400,173.383,173.347,62,76
12.04.2018 09:39:36.213 GMT-0400,173.393,173.347,120,110
12.04.2018 09:39:36.471 GMT-0400,173.382,173.34799999999998,120,110
12.04.2018 09:39:37.055 GMT-0400,173.38,173.358,62,110
12.04.2018 09:39:37.478 GMT-0400,173.39200000000002,173.358,120,110
12.04.2018 09:39:37.869 GMT-0400,173.41299999999998,173.377,120,95
12.04.2018 09:39:38.073 GMT-0400,173.41299999999998,173.36700000000002,120,600
12.04.2018 09:39:38.256 GMT-0400,173.41299999999998,173.387,120,220
12.04.2018 09:39:38.768 GMT-0400,173.403,173.387,100,1
12.04.2018 09:39:39.023 GMT-0400,173.41299999999998,173.387,100,1
12.04.2018 09:39:39.074 GMT-0400,173.43200000000002,173.387,62,1
12.04.2018 09:39:39.181 GMT-0400,173.423,173.387,120,76
12.04.2018 09:39:39.232 GMT-0400,173.43200000000002,173.388,10400,76
12.04.2018 09:39:39.310 GMT-0400,173.422,173.388,120,76
12.04.2018 09:39:39.361 GMT-0400,173.43200000000002,173.388,10400,76
12.04.2018 09:39:39.488 GMT-0400,173.41299999999998,173.387,100,76
12.04.2018 09:39:39.538 GMT-0400,173.43200000000002,173.387,62,1
12.04.2018 09:39:39.589 GMT-0400,173.43200000000002,173.39700000000002,62,1
12.04.2018 09:39:40.057 GMT-0400,173.43200000000002,173.408,100,1
12.04.2018 09:39:40.512 GMT-0400,173.422,173.398,100,75
12.04.2018 09:39:40.612 GMT-0400,173.433,173.407,100,170
12.04.2018 09:39:41.331 GMT-0400,173.437,173.417,62,1
12.04.2018 09:39:41.382 GMT-0400,173.44299999999998,173.417,33,1
12.04.2018 09:39:41.495 GMT-0400,173.44299999999998,173.42700000000002,33,150
12.04.2018 09:39:42.104 GMT-0400,173.442,173.428,33,150
12.04.2018 09:39:42.155 GMT-0400,173.453,173.42700000000002,120,150
12.04.2018 09:39:42.791 GMT-0400,173.458,173.42700000000002,62,45
12.04.2018 09:39:43.309 GMT-0400,173.463,173.42700000000002,120,45
12.04.2018 09:39:44.578 GMT-0400,173.46200000000002,173.428,120,340
12.04.2018 09:39:45.302 GMT-0400,173.463,173.42700000000002,120,190
12.04.2018 09:39:45.863 GMT-0400,173.479,173.448,62,7
