Local time,Ask,Bid,AskVolume,BidVolume
11.04.2018 09:30:00.403 GMT-0400,171.89200000000002,171.798,1090,250
11.04.2018 09:30:00.554 GMT-0400,172.08200000000002,171.998,100,33100.0015
11.04.2018 09:30:03.688 GMT-0400,172.30200000000002,172.218,9999.9998,7499.9998
11.04.2018 09:30:04.708 GMT-0400,172.102,172.03,62,7499.9998
11.04.2018 09:30:05.005 GMT-0400,172.092,172.002,5,7499.9998
11.04.2018 09:30:05.257 GMT-0400,172.023,171.997,33,5640.0001
11.04.2018 09:30:05.461 GMT-0400,171.99200000000002,171.977,100,7499.9998
11.04.2018 09:30:05.512 GMT-0400,171.993,171.938,30,7499.9998
11.04.2018 09:30:05.720 GMT-0400,171.963,171.938,100,7499.9998
11.04.2018 09:30:05.770 GMT-0400,171.963,171.888,30,7499.9998
11.04.2018 09:30:05.821 GMT-0400,171.96200000000002,171.898,30,75
11.04.2018 09:30:05.966 GMT-0400,171.963,171.888,30,7499.9998
11.04.2018 09:30:06.726 GMT-0400,171.96200000000002,171.878,33,390
11.04.2018 09:30:06.875 GMT-0400,171.86200000000002,171.81799999999998,100,1030
11.04.2018 09:30:07.193 GMT-0400,171.86200000000002,171.827,100,7499.9998
11.04.2018 09:30:07.344 GMT-0400,171.86200000000002,171.81799999999998,100,370
11.04.2018 09:30:08.084 GMT-0400,171.863,171.817,10099.9996,600
11.04.2018 09:30:08.941 GMT-0400,171.86200000000002,171.81799999999998,100,120
11.04.2018 09:30:09.411 GMT-0400,171.842,171.80700000000002,62,820
11.04.2018 09:30:10.179 GMT-0400,171.842,171.797,62,130
11.04.2018 09:30:10.303 GMT-0400,171.823,171.78799999999998,10,7499.9998
11.04.2018 09:30:10.403 GMT-0400,171.822,171.747,100,9999.9998
11.04.2018 09:30:10.454 GMT-0400,171.803,171.747,100,9999.9998
11.04.2018 09:30:11.259 GMT-0400,171.822,171.747,100,9999.9998
11.04.2018 09:30:11.310 GMT-0400,171.773,171.73700000000002,100,7499.9998
11.04.2018 09:30:11.398 GMT-0400,171.799,171.73700000000002,62,7499.9998
11.04.2018 09:30:11.790 GMT-0400,171.77200000000002,171.73700000000002,1,7499.9998
11.04.2018 09:30:12.285 GMT-0400,171.773,171.727,100,75
11.04.2018 09:30:12.399 GMT-0400,171.752,171.717,10,7499.9998
11.04.2018 09:30:12.600 GMT-0400,171.74200000000002,171.698,10,1110
11.04.2018 09:30:13.559 GMT-0400,171.743,171.697,11,1110
11.04.2018 09:30:14.599 GMT-0400,171.752,171.70700000000002,62,75
11.04.2018 09:30:15.090 GMT-0400,171.752,171.717,62,370
11.04.2018 09:30:15.559 GMT-0400,171.773,171.717,100,370
11.04.2018 09:30:15.651 GMT-0400,171.753,171.717,50,370
11.04.2018 09:30:15.702 GMT-0400,171.77200000000002,171.718,100,370
11.04.2018 09:30:16.182 GMT-0400,171.752,171.718,10,370
11.04.2018 09:30:16.232 GMT-0400,171.77200000000002,171.71,100,7499.9998
11.04.2018 09:30:17.075 GMT-0400,171.78099999999998,171.758,62,6829.9999
11.04.2018 09:30:17.126 GMT-0400,171.794,171.76700000000002,62,520
11.04.2018 09:30:17.692 GMT-0400,171.792,171.753,62,9999.9998
11.04.2018 09:30:17.745 GMT-0400,171.827,171.76700000000002,62,520
11.04.2018 09:30:18.060 GMT-0400,171.792,171.753,62,9999.9998
11.04.2018 09:30:18.840 GMT-0400,171.882,171.797,62,300
11.04.2018 09:30:19.089 GMT-0400,171.86200000000002,171.798,100,300
11.04.2018 09:30:20.089 GMT-0400,171.86200000000002,171.828,100,220
11.04.2018 09:30:20.595 GMT-0400,171.86200000000002,171.838,100,75
11.04.2018 09:30:21.596 GMT-0400,171.863,171.83700000000002,100,7
11.04.2018 09:30:22.752 GMT-0400,171.87900000000002,171.838,62,7
11.04.2018 09:30:23.085 GMT-0400,171.868,171.81799999999998,62,9999.9998
11.04.2018 09:30:24.177 GMT-0400,171.982,171.888,100,670
11.04.2018 09:30:24.569 GMT-0400,171.983,171.89700000000002,100,670
11.04.2018 09:30:25.090 GMT-0400,171.982,171.898,100,820
11.04.2018 09:30:25.917 GMT-0400,172.011,171.978,62,8
11.04.2018 09:30:26.140 GMT-0400,172.062,171.998,2,8
11.04.2018 09:30:26.221 GMT-0400,172.08200000000002,171.997,62,8
11.04.2018 09:30:27.091 GMT-0400,172.08200000000002,171.998,100,520
11.04.2018 09:30:27.509 GMT-0400,172.08200000000002,172.008,100,590
11.04.2018 09:30:27.851 GMT-0400,172.063,172.032,100,7499.9998
11.04.2018 09:30:27.935 GMT-0400,172.073,172.032,100,7499.9998
11.04.2018 09:30:28.291 GMT-0400,172.102,172.032,100,7499.9998
11.04.2018 09:30:28.606 GMT-0400,172.103,172.047,100,75
11.04.2018 09:30:28.936 GMT-0400,172.102,172.06799999999998,100,75
11.04.2018 09:30:28.986 GMT-0400,172.123,172.078,62,7
11.04.2018 09:30:29.037 GMT-0400,172.123,172.067,62,75
11.04.2018 09:30:29.091 GMT-0400,172.153,172.081,100,7499.9998
11.04.2018 09:30:29.141 GMT-0400,172.15200000000002,172.09799999999998,100,450
11.04.2018 09:30:29.192 GMT-0400,172.162,172.09799999999998,10300.0002,450
11.04.2018 09:30:30.064 GMT-0400,172.14200000000002,172.09799999999998,50,710
11.04.2018 09:30:30.682 GMT-0400,172.132,172.09799999999998,100,210
11.04.2018 09:30:31.224 GMT-0400,172.122,172.088,62,7
11.04.2018 09:30:31.275 GMT-0400,172.122,172.078,62,300
11.04.2018 09:30:31.406 GMT-0400,172.122,172.067,62,670
11.04.2018 09:30:31.650 GMT-0400,172.143,172.12099999999998,100,7499.9998
11.04.2018 09:30:32.605 GMT-0400,172.143,172.107,27,75
11.04.2018 09:30:32.656 GMT-0400,172.19299999999998,172.137,62,75
11.04.2018 09:30:33.051 GMT-0400,172.19299999999998,172.127,62,450
11.04.2018 09:30:33.386 GMT-0400,172.233,172.167,100,75
11.04.2018 09:30:33.815 GMT-0400,172.213,172.148,100,7499.9998
11.04.2018 09:30:34.337 GMT-0400,172.21200000000002,172.138,100,75
11.04.2018 09:30:34.740 GMT-0400,172.172,172.118,100,7499.9998
11.04.2018 09:30:34.790 GMT-0400,172.153,172.088,62,370
11.04.2018 09:30:35.054 GMT-0400,172.153,172.077,62,320
11.04.2018 09:30:35.104 GMT-0400,172.153,172.088,62,75
11.04.2018 09:30:35.154 GMT-0400,172.153,172.078,62,320
11.04.2018 09:30:35.744 GMT-0400,172.162,172.078,100,300
11.04.2018 09:30:36.159 GMT-0400,172.11200000000002,172.06799999999998,100,75
11.04.2018 09:30:36.210 GMT-0400,172.122,172.06799999999998,100,75
11.04.2018 09:30:36.720 GMT-0400,172.102,172.06799999999998,10,75
11.04.2018 09:30:36.820 GMT-0400,172.122,172.06799999999998,100,75
11.04.2018 09:30:37.043 GMT-0400,172.131,172.08700000000002,62,150
11.04.2018 09:30:37.149 GMT-0400,172.143,172.08700000000002,100,500
11.04.2018 09:30:37.650 GMT-0400,172.14200000000002,172.088,100,650
11.04.2018 09:30:37.724 GMT-0400,172.173,172.145,62,75
11.04.2018 09:30:37.774 GMT-0400,172.229,172.138,62,7499.9998
11.04.2018 09:30:38.784 GMT-0400,172.202,172.118,50,220
11.04.2018 09:30:39.336 GMT-0400,172.203,172.137,50,300
11.04.2018 09:30:39.649 GMT-0400,172.253,172.217,24,75
11.04.2018 09:30:39.992 GMT-0400,172.253,172.227,24,300
11.04.2018 09:30:40.093 GMT-0400,172.293,172.247,100,75
11.04.2018 09:30:40.626 GMT-0400,172.293,172.26700000000002,100,75
11.04.2018 09:30:40.676 GMT-0400,172.282,172.248,10,820
11.04.2018 09:30:40.727 GMT-0400,172.293,172.257,100,75
11.04.2018 09:30:41.233 GMT-0400,172.293,172.247,100,820
11.04.2018 09:30:41.334 GMT-0400,172.293,172.257,100,75
11.04.2018 09:30:41.384 GMT-0400,172.372,172.31799999999998,100,75
11.04.2018 09:30:41.435 GMT-0400,172.372,172.297,100,7499.9998
11.04.2018 09:30:41.686 GMT-0400,172.363,172.297,100,7499.9998
11.04.2018 09:30:41.741 GMT-0400,172.372,172.297,100,7499.9998
11.04.2018 09:30:42.343 GMT-0400,172.373,172.30700000000002,100,75
11.04.2018 09:30:43.081 GMT-0400,172.36200000000002,172.308,100,5
11.04.2018 09:30:43.605 GMT-0400,172.36200000000002,172.31799999999998,100,75
11.04.2018 09:30:43.656 GMT-0400,172.36200000000002,172.308,100,5
11.04.2018 09:30:43.878 GMT-0400,172.343,172.28799999999998,10,7499.9998
11.04.2018 09:30:43.929 GMT-0400,172.333,172.28799999999998,100,7499.9998
11.04.2018 09:30:44.335 GMT-0400,172.353,172.28799999999998,100,7499.9998
11.04.2018 09:30:44.443 GMT-0400,172.372,172.317,62,220
11.04.2018 09:30:44.511 GMT-0400,172.372,172.30700000000002,62,300
11.04.2018 09:30:45.336 GMT-0400,172.372,172.34599999999998,62,75
11.04.2018 09:30:45.386 GMT-0400,172.383,172.347,50,75
11.04.2018 09:30:45.513 GMT-0400,172.382,172.358,50,75
11.04.2018 09:30:46.095 GMT-0400,172.40200000000002,172.368,100,75
11.04.2018 09:30:46.477 GMT-0400,172.383,172.347,100,75
11.04.2018 09:30:46.987 GMT-0400,172.388,172.347,62,75
11.04.2018 09:30:47.150 GMT-0400,172.407,172.377,62,7
11.04.2018 09:30:47.395 GMT-0400,172.493,172.42700000000002,20,7
11.04.2018 09:30:47.496 GMT-0400,172.49200000000002,172.407,20,7499.9998
11.04.2018 09:30:47.547 GMT-0400,172.483,172.407,100,7499.9998
11.04.2018 09:30:48.047 GMT-0400,172.493,172.417,70,600
11.04.2018 09:30:48.369 GMT-0400,172.493,172.42700000000002,100,150
11.04.2018 09:30:48.771 GMT-0400,172.463,172.407,10,10900.0001
11.04.2018 09:30:48.822 GMT-0400,172.49200000000002,172.408,100,670
11.04.2018 09:30:48.872 GMT-0400,172.49200000000002,172.418,100,450
11.04.2018 09:30:49.191 GMT-0400,172.49200000000002,172.428,100,150
11.04.2018 09:30:49.533 GMT-0400,172.453,172.42700000000002,100,53
11.04.2018 09:30:50.043 GMT-0400,172.422,172.381,100,7499.9998
11.04.2018 09:30:50.098 GMT-0400,172.423,172.39700000000002,100,75
11.04.2018 09:30:51.036 GMT-0400,172.412,172.398,100,220
11.04.2018 09:30:51.399 GMT-0400,172.412,172.408,100,7499.9998
11.04.2018 09:30:52.103 GMT-0400,172.49200000000002,172.418,100,150
11.04.2018 09:30:52.627 GMT-0400,172.493,172.417,100,75
11.04.2018 09:30:52.849 GMT-0400,172.49200000000002,172.428,100,17
11.04.2018 09:30:52.900 GMT-0400,172.493,172.417,100,75
11.04.2018 09:30:53.129 GMT-0400,172.483,172.42700000000002,100,75
11.04.2018 09:30:53.406 GMT-0400,172.482,172.418,100,540
11.04.2018 09:30:53.456 GMT-0400,172.452,172.418,100,540
11.04.2018 09:30:53.607 GMT-0400,172.44299999999998,172.40099999999998,10,7499.9998
11.04.2018 09:30:53.669 GMT-0400,172.41299999999998,172.39700000000002,100,150
11.04.2018 09:30:53.740 GMT-0400,172.453,172.417,100,75
11.04.2018 09:30:53.799 GMT-0400,172.453,172.407,100,300
11.04.2018 09:30:53.962 GMT-0400,172.44299999999998,172.39700000000002,100,10499.9999
11.04.2018 09:30:54.320 GMT-0400,172.442,172.408,100,75
11.04.2018 09:30:54.931 GMT-0400,172.442,172.398,100,150
11.04.2018 09:30:54.981 GMT-0400,172.43200000000002,172.398,100,150
11.04.2018 09:30:56.164 GMT-0400,172.423,172.39000000000001,100,7499.9998
11.04.2018 09:30:56.511 GMT-0400,172.412,172.381,100,7499.9998
11.04.2018 09:30:56.895 GMT-0400,172.442,172.418,100,7499.9998
11.04.2018 09:30:57.563 GMT-0400,172.44299999999998,172.39700000000002,100,150
11.04.2018 09:30:57.781 GMT-0400,172.422,172.388,10,75
11.04.2018 09:30:57.832 GMT-0400,172.433,172.387,5,10200.0004
11.04.2018 09:30:59.373 GMT-0400,172.412,172.378,10,750
11.04.2018 09:30:59.423 GMT-0400,172.433,172.377,5,750
11.04.2018 09:31:00.346 GMT-0400,172.433,172.39700000000002,5,75
11.04.2018 09:31:00.398 GMT-0400,172.422,172.378,10,1200.0001
11.04.2018 09:31:00.604 GMT-0400,172.43200000000002,172.39200000000002,5,7499.9998
11.04.2018 09:31:01.033 GMT-0400,172.412,172.39200000000002,100,7499.9998
11.04.2018 09:31:01.151 GMT-0400,172.422,172.378,100,820
11.04.2018 09:31:01.776 GMT-0400,172.43200000000002,172.388,5,7499.9998
11.04.2018 09:31:02.138 GMT-0400,172.452,172.428,100,150
11.04.2018 09:31:02.203 GMT-0400,172.453,172.418,100,7499.9998
11.04.2018 09:31:02.669 GMT-0400,172.442,172.418,100,10900.0001
11.04.2018 09:31:02.719 GMT-0400,172.453,172.418,100,7499.9998
11.04.2018 09:31:02.785 GMT-0400,172.453,172.407,100,75
11.04.2018 09:31:02.964 GMT-0400,172.423,172.407,62,75
11.04.2018 09:31:03.015 GMT-0400,172.423,172.378,62,300
11.04.2018 09:31:03.209 GMT-0400,172.423,172.368,62,410
11.04.2018 09:31:03.259 GMT-0400,172.423,172.378,62,75
11.04.2018 09:31:03.796 GMT-0400,172.423,172.377,62,300
11.04.2018 09:31:04.048 GMT-0400,172.442,172.388,100,75
11.04.2018 09:31:04.103 GMT-0400,172.452,172.418,100,75
11.04.2018 09:31:04.217 GMT-0400,172.452,172.408,100,750
11.04.2018 09:31:04.576 GMT-0400,172.453,172.40099999999998,100,7499.9998
11.04.2018 09:31:04.704 GMT-0400,172.453,172.417,100,150
11.04.2018 09:31:05.572 GMT-0400,172.453,172.42700000000002,100,75
11.04.2018 09:31:05.891 GMT-0400,172.433,172.417,1,220
11.04.2018 09:31:05.941 GMT-0400,172.442,172.418,2,370
11.04.2018 09:31:06.042 GMT-0400,172.452,172.428,100,7499.9998
11.04.2018 09:31:06.145 GMT-0400,172.482,172.447,62,160
11.04.2018 09:31:06.335 GMT-0400,172.482,172.438,62,7499.9998
11.04.2018 09:31:06.385 GMT-0400,172.482,172.447,62,150
11.04.2018 09:31:06.740 GMT-0400,172.47299999999998,172.438,10,7499.9998
11.04.2018 09:31:07.086 GMT-0400,172.46200000000002,172.438,62,220
11.04.2018 09:31:07.698 GMT-0400,172.453,172.438,62,220
11.04.2018 09:31:07.749 GMT-0400,172.453,172.428,62,900
11.04.2018 09:31:08.177 GMT-0400,172.423,172.377,100,220
11.04.2018 09:31:08.312 GMT-0400,172.403,172.387,100,82
11.04.2018 09:31:08.642 GMT-0400,172.39200000000002,172.378,100,75
11.04.2018 09:31:08.692 GMT-0400,172.403,172.387,100,75
11.04.2018 09:31:08.831 GMT-0400,172.40200000000002,172.378,100,220
11.04.2018 09:31:09.805 GMT-0400,172.403,172.377,100,150
11.04.2018 09:31:09.950 GMT-0400,172.42000000000002,172.398,62,750
11.04.2018 09:31:10.000 GMT-0400,172.452,172.398,62,670
11.04.2018 09:31:10.051 GMT-0400,172.46200000000002,172.428,100,7499.9998
11.04.2018 09:31:10.196 GMT-0400,172.482,172.438,100,75
11.04.2018 09:31:10.311 GMT-0400,172.483,172.428,100,7499.9998
11.04.2018 09:31:10.362 GMT-0400,172.483,172.437,100,75
11.04.2018 09:31:10.796 GMT-0400,172.463,172.428,100,7499.9998
11.04.2018 09:31:11.051 GMT-0400,172.46200000000002,172.398,100,370
11.04.2018 09:31:11.269 GMT-0400,172.46200000000002,172.388,100,600
11.04.2018 09:31:11.423 GMT-0400,172.46200000000002,172.398,100,110
11.04.2018 09:31:12.093 GMT-0400,172.46200000000002,172.428,100,7499.9998
11.04.2018 09:31:12.414 GMT-0400,172.482,172.448,100,75
11.04.2018 09:31:12.666 GMT-0400,172.49200000000002,172.448,100,45
11.04.2018 09:31:12.810 GMT-0400,172.49200000000002,172.468,100,75
11.04.2018 09:31:13.631 GMT-0400,172.482,172.468,100,44
11.04.2018 09:31:13.774 GMT-0400,172.467,172.438,62,9999.9998
11.04.2018 09:31:14.752 GMT-0400,172.467,172.438,62,9999.9998
11.04.2018 09:31:14.803 GMT-0400,172.472,172.438,100,150
11.04.2018 09:31:14.940 GMT-0400,172.46200000000002,172.438,100,150
11.04.2018 09:31:14.991 GMT-0400,172.483,172.447,100,82
11.04.2018 09:31:15.092 GMT-0400,172.483,172.437,100,150
11.04.2018 09:31:15.143 GMT-0400,172.483,172.447,100,75
11.04.2018 09:31:15.517 GMT-0400,172.463,172.437,100,750
11.04.2018 09:31:15.568 GMT-0400,172.482,172.438,100,750
11.04.2018 09:31:15.619 GMT-0400,172.46200000000002,172.42000000000002,100,7499.9998
11.04.2018 09:31:15.670 GMT-0400,172.46200000000002,172.407,100,7499.9998
11.04.2018 09:31:16.452 GMT-0400,172.452,172.407,100,7499.9998
11.04.2018 09:31:16.592 GMT-0400,172.463,172.407,100,10200.0004
11.04.2018 09:31:16.642 GMT-0400,172.463,172.417,100,75
11.04.2018 09:31:17.184 GMT-0400,172.472,172.428,100,76
11.04.2018 09:31:17.234 GMT-0400,172.47299999999998,172.417,100,75
11.04.2018 09:31:17.711 GMT-0400,172.483,172.42700000000002,100,310
11.04.2018 09:31:18.533 GMT-0400,172.482,172.428,100,80
11.04.2018 09:31:19.479 GMT-0400,172.472,172.428,100,150
11.04.2018 09:31:19.560 GMT-0400,172.482,172.428,100,150
11.04.2018 09:31:19.904 GMT-0400,172.49200000000002,172.428,100,600
11.04.2018 09:31:20.008 GMT-0400,172.493,172.447,100,340
11.04.2018 09:31:20.346 GMT-0400,172.49200000000002,172.468,100,90
11.04.2018 09:31:20.841 GMT-0400,172.483,172.45700000000002,10,10900.0001
11.04.2018 09:31:21.504 GMT-0400,172.482,172.458,2,600
11.04.2018 09:31:21.574 GMT-0400,172.49200000000002,172.468,10999.9999,7
11.04.2018 09:31:21.624 GMT-0400,172.49200000000002,172.458,10999.9999,600
11.04.2018 09:31:22.267 GMT-0400,172.49200000000002,172.45700000000002,62,430
11.04.2018 09:31:22.550 GMT-0400,172.46200000000002,172.438,100,7499.9998
11.04.2018 09:31:22.600 GMT-0400,172.463,172.42700000000002,100,220
11.04.2018 09:31:23.092 GMT-0400,172.463,172.437,100,7
11.04.2018 09:31:23.208 GMT-0400,172.46200000000002,172.428,100,820
11.04.2018 09:31:23.307 GMT-0400,172.482,172.448,10400,75
11.04.2018 09:31:23.358 GMT-0400,172.482,172.437,62,370
11.04.2018 09:31:23.451 GMT-0400,172.482,172.447,62,75
11.04.2018 09:31:23.573 GMT-0400,172.493,172.447,100,10499.9999
11.04.2018 09:31:23.648 GMT-0400,172.493,172.45700000000002,100,230
11.04.2018 09:31:23.699 GMT-0400,172.49099999999999,172.447,62,75
11.04.2018 09:31:23.830 GMT-0400,172.482,172.458,100,7499.9998
11.04.2018 09:31:24.468 GMT-0400,172.483,172.447,100,75
11.04.2018 09:31:24.519 GMT-0400,172.422,172.398,10,1040
11.04.2018 09:31:25.004 GMT-0400,172.412,172.388,10,7499.9998
11.04.2018 09:31:25.112 GMT-0400,172.423,172.388,10,7499.9998
11.04.2018 09:31:25.163 GMT-0400,172.43200000000002,172.39700000000002,100,7499.9998
11.04.2018 09:31:25.607 GMT-0400,172.412,172.39700000000002,5,7499.9998
11.04.2018 09:31:25.729 GMT-0400,172.44,172.39700000000002,9999.9998,7499.9998
11.04.2018 09:31:25.780 GMT-0400,172.412,172.358,100,790
11.04.2018 09:31:26.219 GMT-0400,172.422,172.387,62,150
11.04.2018 09:31:26.269 GMT-0400,172.45000000000002,172.398,62,300
11.04.2018 09:31:26.481 GMT-0400,172.45000000000002,172.408,62,75
11.04.2018 09:31:26.841 GMT-0400,172.46,172.437,62,75
11.04.2018 09:31:27.791 GMT-0400,172.493,172.437,100,150
11.04.2018 09:31:28.383 GMT-0400,172.49200000000002,172.438,100,150
11.04.2018 09:31:29.134 GMT-0400,172.493,172.437,100,580
11.04.2018 09:31:29.294 GMT-0400,172.472,172.428,100,7499.9998
11.04.2018 09:31:29.703 GMT-0400,172.47299999999998,172.447,100,75
11.04.2018 09:31:30.318 GMT-0400,172.472,172.438,100,75
11.04.2018 09:31:30.475 GMT-0400,172.483,172.43099999999998,9999.9998,7499.9998
11.04.2018 09:31:30.525 GMT-0400,172.453,172.43099999999998,100,7499.9998
11.04.2018 09:31:30.646 GMT-0400,172.453,172.407,10200.0004,75
11.04.2018 09:31:31.453 GMT-0400,172.452,172.408,100,10
11.04.2018 09:31:32.089 GMT-0400,172.44299999999998,172.39700000000002,100,10900.0001
11.04.2018 09:31:32.706 GMT-0400,172.442,172.398,100,10599.9997
11.04.2018 09:31:33.374 GMT-0400,172.453,172.417,10200.0004,380
11.04.2018 09:31:33.425 GMT-0400,172.453,172.407,10200.0004,820
11.04.2018 09:31:33.884 GMT-0400,172.43200000000002,172.408,100,150
11.04.2018 09:31:34.100 GMT-0400,172.483,172.447,31,75
11.04.2018 09:31:34.232 GMT-0400,172.493,172.45700000000002,10099.9996,75
11.04.2018 09:31:34.372 GMT-0400,172.493,172.447,10099.9996,75
11.04.2018 09:31:34.570 GMT-0400,172.493,172.44,10099.9996,7499.9998
11.04.2018 09:31:35.084 GMT-0400,172.493,172.417,100,220
11.04.2018 09:31:35.178 GMT-0400,172.493,172.411,100,7499.9998
11.04.2018 09:31:35.509 GMT-0400,172.49200000000002,172.418,100,600
11.04.2018 09:31:36.100 GMT-0400,172.493,172.437,100,450
11.04.2018 09:31:36.625 GMT-0400,172.49200000000002,172.438,100,450
11.04.2018 09:31:38.466 GMT-0400,172.438,172.42000000000002,100,7499.9998
11.04.2018 09:31:38.517 GMT-0400,172.423,172.39700000000002,100,860
11.04.2018 09:31:39.436 GMT-0400,172.422,172.398,100,75
11.04.2018 09:31:39.676 GMT-0400,172.403,172.378,100,7499.9998
11.04.2018 09:31:39.848 GMT-0400,172.41299999999998,172.372,100,7499.9998
11.04.2018 09:31:39.947 GMT-0400,172.423,172.372,62,7499.9998
11.04.2018 09:31:40.150 GMT-0400,172.422,172.388,1,600
11.04.2018 09:31:40.282 GMT-0400,172.422,172.378,1,670
11.04.2018 09:31:40.403 GMT-0400,172.423,172.387,9999.9998,370
11.04.2018 09:31:41.074 GMT-0400,172.41299999999998,172.372,1,7499.9998
11.04.2018 09:31:41.701 GMT-0400,172.41299999999998,172.388,1,7499.9998
11.04.2018 09:31:42.005 GMT-0400,172.472,172.418,100,75
11.04.2018 09:31:42.153 GMT-0400,172.479,172.42700000000002,62,75
11.04.2018 09:31:42.694 GMT-0400,172.47299999999998,172.438,100,7499.9998
11.04.2018 09:31:43.204 GMT-0400,172.47299999999998,172.437,100,750
11.04.2018 09:31:43.851 GMT-0400,172.472,172.438,50,750
11.04.2018 09:31:43.902 GMT-0400,172.493,172.437,62,1220
11.04.2018 09:31:43.952 GMT-0400,172.47299999999998,172.437,16,770
11.04.2018 09:31:44.693 GMT-0400,172.493,172.437,10400,820
11.04.2018 09:31:45.592 GMT-0400,172.49200000000002,172.438,100,830
11.04.2018 09:31:45.928 GMT-0400,172.453,172.408,62,520
11.04.2018 09:31:46.192 GMT-0400,172.46200000000002,172.418,100,75
11.04.2018 09:31:46.932 GMT-0400,172.453,172.408,100,7499.9998
11.04.2018 09:31:46.983 GMT-0400,172.442,172.408,62,750
11.04.2018 09:31:47.033 GMT-0400,172.442,172.388,10499.9999,340
11.04.2018 09:31:47.135 GMT-0400,172.43200000000002,172.388,100,150
11.04.2018 09:31:47.332 GMT-0400,172.442,172.388,10499.9999,150
11.04.2018 09:31:47.652 GMT-0400,172.43200000000002,172.388,100,25
11.04.2018 09:31:47.961 GMT-0400,172.422,172.368,100,300
11.04.2018 09:31:48.196 GMT-0400,172.422,172.358,100,450
11.04.2018 09:31:49.143 GMT-0400,172.41299999999998,172.357,100,450
11.04.2018 09:31:49.529 GMT-0400,172.383,172.357,83,150
11.04.2018 09:31:50.014 GMT-0400,172.372,172.34799999999998,100,110
11.04.2018 09:31:50.064 GMT-0400,172.372,172.328,100,11400.0002
11.04.2018 09:31:50.115 GMT-0400,172.373,172.33700000000002,100,520
11.04.2018 09:31:50.670 GMT-0400,172.342,172.328,100,7499.9998
11.04.2018 09:31:50.721 GMT-0400,172.36200000000002,172.317,62,260
11.04.2018 09:31:51.031 GMT-0400,172.36200000000002,172.327,62,670
11.04.2018 09:31:51.127 GMT-0400,172.36200000000002,172.317,62,260
11.04.2018 09:31:51.228 GMT-0400,172.36200000000002,172.327,62,670
11.04.2018 09:31:52.068 GMT-0400,172.36200000000002,172.34799999999998,100,7499.9998
11.04.2018 09:31:52.118 GMT-0400,172.373,172.357,100,50
11.04.2018 09:31:52.644 GMT-0400,172.389,172.358,62,160
11.04.2018 09:31:52.763 GMT-0400,172.389,172.34799999999998,62,7499.9998
11.04.2018 09:31:53.105 GMT-0400,172.41299999999998,172.36700000000002,100,450
11.04.2018 09:31:53.312 GMT-0400,172.423,172.36700000000002,100,450
11.04.2018 09:31:53.455 GMT-0400,172.423,172.377,100,220
11.04.2018 09:31:53.799 GMT-0400,172.43,172.408,62,150
11.04.2018 09:31:54.103 GMT-0400,172.43,172.388,62,300
11.04.2018 09:31:54.377 GMT-0400,172.43,172.39700000000002,62,150
11.04.2018 09:31:54.581 GMT-0400,172.463,172.39700000000002,100,150
11.04.2018 09:31:55.141 GMT-0400,172.46200000000002,172.418,100,75
11.04.2018 09:31:55.191 GMT-0400,172.46200000000002,172.408,100,600
11.04.2018 09:31:55.242 GMT-0400,172.463,172.39700000000002,100,220
11.04.2018 09:31:55.914 GMT-0400,172.46200000000002,172.398,100,150
11.04.2018 09:31:56.172 GMT-0400,172.463,172.428,100,7499.9998
11.04.2018 09:31:56.902 GMT-0400,172.46200000000002,172.438,100,75
11.04.2018 09:31:57.316 GMT-0400,172.49200000000002,172.447,100,7499.9998
11.04.2018 09:31:58.096 GMT-0400,172.5,172.448,62,75
11.04.2018 09:31:58.207 GMT-0400,172.5,172.467,62,750
11.04.2018 09:31:58.463 GMT-0400,172.493,172.451,100,7499.9998
11.04.2018 09:31:58.603 GMT-0400,172.502,172.458,100,300
11.04.2018 09:31:58.789 GMT-0400,172.512,172.468,100,75
11.04.2018 09:31:59.040 GMT-0400,172.513,172.451,100,7499.9998
11.04.2018 09:31:59.098 GMT-0400,172.512,172.468,100,670
11.04.2018 09:31:59.430 GMT-0400,172.47299999999998,172.45000000000002,100,7499.9998
11.04.2018 09:31:59.480 GMT-0400,172.472,172.438,10,110
11.04.2018 09:31:59.609 GMT-0400,172.46200000000002,172.438,62,75
11.04.2018 09:31:59.660 GMT-0400,172.452,172.418,100,75
11.04.2018 09:32:00.111 GMT-0400,172.442,172.428,100,75
11.04.2018 09:32:00.162 GMT-0400,172.442,172.418,100,75
11.04.2018 09:32:00.378 GMT-0400,172.44299999999998,172.42700000000002,100,75
11.04.2018 09:32:01.086 GMT-0400,172.442,172.428,100,82
11.04.2018 09:32:01.137 GMT-0400,172.433,172.417,100,75
11.04.2018 09:32:01.862 GMT-0400,172.433,172.407,100,7499.9998
11.04.2018 09:32:01.940 GMT-0400,172.422,172.407,100,7499.9998
11.04.2018 09:32:01.990 GMT-0400,172.43200000000002,172.398,62,670
11.04.2018 09:32:02.092 GMT-0400,172.43200000000002,172.408,62,75
11.04.2018 09:32:02.143 GMT-0400,172.43200000000002,172.398,62,670
11.04.2018 09:32:02.870 GMT-0400,172.442,172.398,100,670
11.04.2018 09:32:03.379 GMT-0400,172.442,172.408,100,75
11.04.2018 09:32:03.899 GMT-0400,172.44299999999998,172.407,100,150
11.04.2018 09:32:04.235 GMT-0400,172.43200000000002,172.407,62,150
11.04.2018 09:32:04.285 GMT-0400,172.43200000000002,172.39700000000002,62,700
11.04.2018 09:32:04.336 GMT-0400,172.41299999999998,172.39700000000002,2,700
11.04.2018 09:32:04.808 GMT-0400,172.39700000000002,172.383,100,7499.9998
11.04.2018 09:32:04.860 GMT-0400,172.393,172.36700000000002,62,450
11.04.2018 09:32:05.443 GMT-0400,172.403,172.382,1,7499.9998
11.04.2018 09:32:05.610 GMT-0400,172.482,172.428,100,220
11.04.2018 09:32:05.895 GMT-0400,172.48700000000002,172.437,62,75
11.04.2018 09:32:06.512 GMT-0400,172.482,172.438,1,300
11.04.2018 09:32:06.873 GMT-0400,172.472,172.438,100,300
11.04.2018 09:32:07.563 GMT-0400,172.453,172.417,100,210
11.04.2018 09:32:07.663 GMT-0400,172.441,172.417,62,75
11.04.2018 09:32:07.803 GMT-0400,172.453,172.417,100,370
11.04.2018 09:32:07.932 GMT-0400,172.44299999999998,172.417,62,370
11.04.2018 09:32:08.033 GMT-0400,172.482,172.448,100,7499.9998
11.04.2018 09:32:08.088 GMT-0400,172.483,172.467,100,340
11.04.2018 09:32:08.200 GMT-0400,172.483,172.45700000000002,100,75
11.04.2018 09:32:08.349 GMT-0400,172.482,172.447,62,370
11.04.2018 09:32:08.504 GMT-0400,172.5,172.467,62,150
11.04.2018 09:32:09.376 GMT-0400,172.5,172.468,62,300
11.04.2018 09:32:09.845 GMT-0400,172.482,172.45700000000002,100,7499.9998
11.04.2018 09:32:09.896 GMT-0400,172.482,172.437,100,7499.9998
11.04.2018 09:32:10.103 GMT-0400,172.488,172.438,62,520
11.04.2018 09:32:10.851 GMT-0400,172.49200000000002,172.428,100,600
11.04.2018 09:32:11.546 GMT-0400,172.482,172.428,100,300
11.04.2018 09:32:11.853 GMT-0400,172.472,172.438,100,75
11.04.2018 09:32:12.106 GMT-0400,172.503,172.467,100,520
11.04.2018 09:32:12.822 GMT-0400,172.49200000000002,172.447,100,7499.9998
11.04.2018 09:32:13.278 GMT-0400,172.483,172.447,100,7499.9998
11.04.2018 09:32:13.649 GMT-0400,172.483,172.417,100,820
11.04.2018 09:32:14.453 GMT-0400,172.482,172.438,100,260
11.04.2018 09:32:15.114 GMT-0400,172.498,172.477,62,930
11.04.2018 09:32:15.707 GMT-0400,172.502,172.488,100,230
11.04.2018 09:32:15.757 GMT-0400,172.503,172.478,100,7499.9998
11.04.2018 09:32:16.295 GMT-0400,172.502,172.468,100,9999.9998
11.04.2018 09:32:17.104 GMT-0400,172.512,172.488,10,7499.9998
11.04.2018 09:32:17.155 GMT-0400,172.533,172.497,100,150
11.04.2018 09:32:17.745 GMT-0400,172.523,172.478,10,7499.9998
11.04.2018 09:32:17.795 GMT-0400,172.502,172.467,100,7499.9998
11.04.2018 09:32:18.000 GMT-0400,172.512,172.468,100,670
11.04.2018 09:32:18.102 GMT-0400,172.502,172.467,100,7499.9998
11.04.2018 09:32:18.322 GMT-0400,172.513,172.467,10599.9997,10200.0004
11.04.2018 09:32:18.856 GMT-0400,172.512,172.468,100,220
11.04.2018 09:32:20.099 GMT-0400,172.512,172.478,100,75
11.04.2018 09:32:20.647 GMT-0400,172.512,172.479,100,7499.9998
11.04.2018 09:32:21.184 GMT-0400,172.503,172.479,100,7499.9998
11.04.2018 09:32:21.235 GMT-0400,172.512,172.479,100,7499.9998
11.04.2018 09:32:21.409 GMT-0400,172.49200000000002,172.477,62,75
11.04.2018 09:32:21.886 GMT-0400,172.49200000000002,172.46,62,9999.9998
11.04.2018 09:32:21.936 GMT-0400,172.553,172.52700000000002,100,76
11.04.2018 09:32:22.088 GMT-0400,172.543,172.508,100,7499.9998
11.04.2018 09:32:22.189 GMT-0400,172.543,172.51700000000002,100,75
11.04.2018 09:32:22.592 GMT-0400,172.533,172.498,100,7499.9998
11.04.2018 09:32:22.810 GMT-0400,172.523,172.498,100,7499.9998
11.04.2018 09:32:23.123 GMT-0400,172.523,172.477,100,7499.9998
11.04.2018 09:32:23.398 GMT-0400,172.523,172.497,100,75
11.04.2018 09:32:23.455 GMT-0400,172.512,172.478,100,520
11.04.2018 09:32:23.509 GMT-0400,172.493,172.477,100,7499.9998
11.04.2018 09:32:23.559 GMT-0400,172.482,172.447,62,530
11.04.2018 09:32:23.610 GMT-0400,172.482,172.45700000000002,62,75
11.04.2018 09:32:24.456 GMT-0400,172.472,172.458,100,37
11.04.2018 09:32:24.593 GMT-0400,172.47299999999998,172.448,100,7499.9998
11.04.2018 09:32:24.863 GMT-0400,172.463,172.447,100,600
11.04.2018 09:32:24.913 GMT-0400,172.47299999999998,172.447,100,160
11.04.2018 09:32:24.964 GMT-0400,172.502,172.468,30,160
11.04.2018 09:32:26.095 GMT-0400,172.503,172.467,51,570
11.04.2018 09:32:26.732 GMT-0400,172.502,172.468,51,460
11.04.2018 09:32:27.383 GMT-0400,172.503,172.467,51,570
11.04.2018 09:32:27.452 GMT-0400,172.483,172.46099999999998,100,7499.9998
11.04.2018 09:32:27.503 GMT-0400,172.482,172.437,100,7499.9998
11.04.2018 09:32:27.810 GMT-0400,172.493,172.437,100,7499.9998
11.04.2018 09:32:28.462 GMT-0400,172.49200000000002,172.428,100,310
11.04.2018 09:32:28.512 GMT-0400,172.482,172.428,100,310
11.04.2018 09:32:29.222 GMT-0400,172.483,172.42700000000002,100,310
11.04.2018 09:32:30.089 GMT-0400,172.463,172.42700000000002,100,310
11.04.2018 09:32:30.933 GMT-0400,172.463,172.437,100,7499.9998
11.04.2018 09:32:31.452 GMT-0400,172.463,172.447,100,830
11.04.2018 09:32:32.020 GMT-0400,172.46200000000002,172.448,100,830
11.04.2018 09:32:33.053 GMT-0400,172.472,172.447,62,1280
11.04.2018 09:32:33.222 GMT-0400,172.49200000000002,172.458,100,600
11.04.2018 09:32:33.637 GMT-0400,172.49200000000002,172.452,100,7499.9998
11.04.2018 09:32:33.705 GMT-0400,172.472,172.452,10,7499.9998
11.04.2018 09:32:33.755 GMT-0400,172.49200000000002,172.448,100,11800.0004
11.04.2018 09:32:33.971 GMT-0400,172.472,172.448,100,11699.9997
11.04.2018 09:32:34.023 GMT-0400,172.493,172.45700000000002,10099.9996,300
11.04.2018 09:32:34.110 GMT-0400,172.49200000000002,172.448,100,1350
11.04.2018 09:32:34.848 GMT-0400,172.493,172.45700000000002,10099.9996,85
11.04.2018 09:32:35.452 GMT-0400,172.493,172.467,100,220
11.04.2018 09:32:35.502 GMT-0400,172.52200000000002,172.488,100,310
11.04.2018 09:32:35.553 GMT-0400,172.493,172.467,100,220
11.04.2018 09:32:36.098 GMT-0400,172.482,172.468,17,220
11.04.2018 09:32:36.605 GMT-0400,172.482,172.463,17,7499.9998
11.04.2018 09:32:37.052 GMT-0400,172.49200000000002,172.468,10099.9996,78
11.04.2018 09:32:37.953 GMT-0400,172.493,172.467,100,3
11.04.2018 09:32:38.562 GMT-0400,172.493,172.468,100,7499.9998
11.04.2018 09:32:38.787 GMT-0400,172.503,172.468,100,7499.9998
11.04.2018 09:32:39.383 GMT-0400,172.502,172.468,100,7499.9998
11.04.2018 09:32:39.434 GMT-0400,172.482,172.458,2,150
11.04.2018 09:32:39.914 GMT-0400,172.493,172.477,62,75
11.04.2018 09:32:39.964 GMT-0400,172.493,172.467,62,75
11.04.2018 09:32:40.451 GMT-0400,172.47299999999998,172.452,100,7499.9998
11.04.2018 09:32:40.502 GMT-0400,172.482,172.449,100,7499.9998
11.04.2018 09:32:40.581 GMT-0400,172.493,172.449,10800.0003,7499.9998
11.04.2018 09:32:40.637 GMT-0400,172.47299999999998,172.449,100,7499.9998
11.04.2018 09:32:41.428 GMT-0400,172.472,172.449,100,7499.9998
11.04.2018 09:32:42.436 GMT-0400,172.482,172.45700000000002,62,7
11.04.2018 09:32:42.487 GMT-0400,172.49200000000002,172.458,100,7499.9998
11.04.2018 09:32:42.580 GMT-0400,172.483,172.458,100,7499.9998
11.04.2018 09:32:42.631 GMT-0400,172.49200000000002,172.458,100,7499.9998
11.04.2018 09:32:42.863 GMT-0400,172.483,172.458,100,7499.9998
11.04.2018 09:32:43.456 GMT-0400,172.483,172.447,100,370
11.04.2018 09:32:43.506 GMT-0400,172.472,172.448,100,280
11.04.2018 09:32:43.863 GMT-0400,172.46200000000002,172.448,100,75
11.04.2018 09:32:43.914 GMT-0400,172.453,172.437,32,75
11.04.2018 09:32:44.286 GMT-0400,172.44299999999998,172.42700000000002,10,390
11.04.2018 09:32:44.556 GMT-0400,172.46200000000002,172.428,10300.0002,460
11.04.2018 09:32:45.526 GMT-0400,172.463,172.42700000000002,100,390
11.04.2018 09:32:46.011 GMT-0400,172.44299999999998,172.419,100,7499.9998
11.04.2018 09:32:46.367 GMT-0400,172.39200000000002,172.378,100,16
11.04.2018 09:32:46.417 GMT-0400,172.39200000000002,172.372,100,7499.9998
11.04.2018 09:32:47.092 GMT-0400,172.39200000000002,172.368,100,450
11.04.2018 09:32:47.451 GMT-0400,172.393,172.377,100,75
11.04.2018 09:32:47.951 GMT-0400,172.403,172.377,100,75
11.04.2018 09:32:48.102 GMT-0400,172.403,172.387,100,75
11.04.2018 09:32:48.388 GMT-0400,172.419,172.39700000000002,62,75
11.04.2018 09:32:48.439 GMT-0400,172.433,172.39000000000001,62,7499.9998
11.04.2018 09:32:49.375 GMT-0400,172.433,172.398,62,75
11.04.2018 09:32:49.426 GMT-0400,172.452,172.398,100,190
11.04.2018 09:32:50.024 GMT-0400,172.463,172.407,100,150
11.04.2018 09:32:50.314 GMT-0400,172.44299999999998,172.407,3,75
11.04.2018 09:32:50.687 GMT-0400,172.44299999999998,172.41299999999998,3,7499.9998
11.04.2018 09:32:51.269 GMT-0400,172.442,172.418,3,150
11.04.2018 09:32:52.390 GMT-0400,172.44299999999998,172.42700000000002,3,75
11.04.2018 09:32:52.736 GMT-0400,172.442,172.417,62,150
11.04.2018 09:32:52.787 GMT-0400,172.41299999999998,172.39700000000002,100,530
11.04.2018 09:32:53.155 GMT-0400,172.393,172.347,10700.0005,300
11.04.2018 09:32:53.206 GMT-0400,172.383,172.357,100,670
11.04.2018 09:32:53.481 GMT-0400,172.393,172.357,62,300
11.04.2018 09:32:53.735 GMT-0400,172.393,172.34799999999998,62,370
11.04.2018 09:32:54.085 GMT-0400,172.393,172.36700000000002,62,520
11.04.2018 09:32:54.137 GMT-0400,172.403,172.36700000000002,100,520
11.04.2018 09:32:55.199 GMT-0400,172.393,172.36700000000002,62,520
11.04.2018 09:32:55.249 GMT-0400,172.39200000000002,172.33900000000003,100,7499.9998
11.04.2018 09:32:55.464 GMT-0400,172.382,172.34799999999998,100,100
11.04.2018 09:32:55.522 GMT-0400,172.382,172.33900000000003,100,7499.9998
11.04.2018 09:32:55.572 GMT-0400,172.352,172.31799999999998,1,450
11.04.2018 09:32:56.453 GMT-0400,172.353,172.33700000000002,1,75
11.04.2018 09:32:56.504 GMT-0400,172.342,172.31,60,7499.9998
11.04.2018 09:32:57.104 GMT-0400,172.343,172.317,50,150
11.04.2018 09:32:58.260 GMT-0400,172.403,172.377,4,150
11.04.2018 09:32:59.205 GMT-0400,172.438,172.398,62,150
11.04.2018 09:32:59.567 GMT-0400,172.433,172.377,100,10400
11.04.2018 09:32:59.618 GMT-0400,172.422,172.377,100,7499.9998
11.04.2018 09:32:59.989 GMT-0400,172.422,172.34799999999998,100,450
11.04.2018 09:33:00.172 GMT-0400,172.40200000000002,172.34799999999998,100,370
11.04.2018 09:33:00.991 GMT-0400,172.403,172.347,100,370
11.04.2018 09:33:03.370 GMT-0400,172.422,172.393,10099.9996,75
11.04.2018 09:33:03.420 GMT-0400,172.422,172.378,100,10900.0001
11.04.2018 09:33:03.650 GMT-0400,172.433,172.387,100,82
11.04.2018 09:33:04.654 GMT-0400,172.433,172.408,100,7499.9998
11.04.2018 09:33:04.708 GMT-0400,172.452,172.408,62,10499.9999
11.04.2018 09:33:04.858 GMT-0400,172.452,172.417,62,160
11.04.2018 09:33:04.908 GMT-0400,172.452,172.408,62,7499.9998
11.04.2018 09:33:05.089 GMT-0400,172.452,172.417,62,310
11.04.2018 09:33:05.610 GMT-0400,172.519,172.467,62,7499.9998
11.04.2018 09:33:05.901 GMT-0400,172.503,172.467,100,7499.9998
11.04.2018 09:33:06.068 GMT-0400,172.53900000000002,172.498,62,10099.9996
11.04.2018 09:33:06.926 GMT-0400,172.533,172.498,10,7499.9998
11.04.2018 09:33:06.976 GMT-0400,172.53900000000002,172.498,62,7499.9998
11.04.2018 09:33:07.027 GMT-0400,172.55200000000002,172.488,100,79
11.04.2018 09:33:07.127 GMT-0400,172.543,172.478,9,7499.9998
11.04.2018 09:33:07.291 GMT-0400,172.523,172.478,100,7499.9998
11.04.2018 09:33:07.780 GMT-0400,172.513,172.478,10,7499.9998
11.04.2018 09:33:07.831 GMT-0400,172.523,172.46,100,9999.9998
11.04.2018 09:33:08.289 GMT-0400,172.483,172.46,100,7499.9998
11.04.2018 09:33:08.340 GMT-0400,172.49200000000002,172.458,10200.0004,75
11.04.2018 09:33:08.956 GMT-0400,172.49200000000002,172.438,62,10099.9996
11.04.2018 09:33:09.296 GMT-0400,172.52200000000002,172.438,100,75
11.04.2018 09:33:09.376 GMT-0400,172.523,172.45700000000002,100,75
11.04.2018 09:33:10.264 GMT-0400,172.52200000000002,172.458,100,75
11.04.2018 09:33:11.095 GMT-0400,172.523,172.45700000000002,100,670
11.04.2018 09:33:11.401 GMT-0400,172.523,172.467,100,300
11.04.2018 09:33:11.900 GMT-0400,172.553,172.51700000000002,100,86
11.04.2018 09:33:11.950 GMT-0400,172.56900000000002,172.528,62,310
11.04.2018 09:33:12.001 GMT-0400,172.56900000000002,172.547,62,300
11.04.2018 09:33:12.431 GMT-0400,172.593,172.56799999999998,100,7499.9998
11.04.2018 09:33:12.794 GMT-0400,172.592,172.547,62,75
11.04.2018 09:33:13.203 GMT-0400,172.58200000000002,172.528,100,7499.9998
11.04.2018 09:33:14.065 GMT-0400,172.562,172.518,100,370
11.04.2018 09:33:14.116 GMT-0400,172.583,172.537,100,150
11.04.2018 09:33:14.268 GMT-0400,172.572,172.53799999999998,100,75
11.04.2018 09:33:14.458 GMT-0400,172.583,172.537,100,370
11.04.2018 09:33:15.658 GMT-0400,172.583,172.558,100,7499.9998
11.04.2018 09:33:15.709 GMT-0400,172.623,172.58700000000002,100,10200.0004
11.04.2018 09:33:15.760 GMT-0400,172.633,172.597,29,7
11.04.2018 09:33:16.260 GMT-0400,172.65200000000002,172.618,62,75
11.04.2018 09:33:16.418 GMT-0400,172.65200000000002,172.59799999999998,62,7499.9998
11.04.2018 09:33:16.848 GMT-0400,172.662,172.588,50,150
11.04.2018 09:33:17.232 GMT-0400,172.66299999999998,172.597,50,300
11.04.2018 09:33:17.846 GMT-0400,172.632,172.59799999999998,100,220
11.04.2018 09:33:18.148 GMT-0400,172.613,172.58700000000002,100,370
11.04.2018 09:33:18.286 GMT-0400,172.622,172.588,100,380
11.04.2018 09:33:18.387 GMT-0400,172.623,172.597,100,75
11.04.2018 09:33:19.294 GMT-0400,172.622,172.59799999999998,100,75
11.04.2018 09:33:19.465 GMT-0400,172.623,172.58700000000002,100,750
11.04.2018 09:33:19.946 GMT-0400,172.613,172.58700000000002,100,370
11.04.2018 09:33:20.238 GMT-0400,172.593,172.55700000000002,100,370
11.04.2018 09:33:20.402 GMT-0400,172.573,172.55700000000002,62,370
11.04.2018 09:33:20.538 GMT-0400,172.562,172.53799999999998,5,450
11.04.2018 09:33:20.947 GMT-0400,172.592,172.548,10099.9996,300
11.04.2018 09:33:21.091 GMT-0400,172.592,172.558,62,370
11.04.2018 09:33:21.928 GMT-0400,172.623,172.55700000000002,100,450
11.04.2018 09:33:22.917 GMT-0400,172.622,172.558,100,370
11.04.2018 09:33:23.096 GMT-0400,172.622,172.578,100,370
11.04.2018 09:33:23.312 GMT-0400,172.613,172.567,100,600
11.04.2018 09:33:23.383 GMT-0400,172.623,172.567,100,600
11.04.2018 09:33:23.723 GMT-0400,172.613,172.55700000000002,100,530
11.04.2018 09:33:23.774 GMT-0400,172.622,172.558,100,750
11.04.2018 09:33:24.091 GMT-0400,172.623,172.58700000000002,100,370
11.04.2018 09:33:24.432 GMT-0400,172.613,172.588,62,300
11.04.2018 09:33:25.160 GMT-0400,172.623,172.61,100,7499.9998
11.04.2018 09:33:25.210 GMT-0400,172.64200000000002,172.61,100,7499.9998
11.04.2018 09:33:25.954 GMT-0400,172.632,172.61,100,7499.9998
11.04.2018 09:33:26.050 GMT-0400,172.643,172.61,100,7499.9998
11.04.2018 09:33:26.189 GMT-0400,172.64200000000002,172.588,100,970
11.04.2018 09:33:26.239 GMT-0400,172.64200000000002,172.608,100,310
11.04.2018 09:33:26.876 GMT-0400,172.633,172.597,100,600
11.04.2018 09:33:27.141 GMT-0400,172.64200000000002,172.618,100,7499.9998
11.04.2018 09:33:27.853 GMT-0400,172.633,172.59799999999998,100,7499.9998
11.04.2018 09:33:27.903 GMT-0400,172.623,172.59799999999998,100,7499.9998
11.04.2018 09:33:27.954 GMT-0400,172.632,172.59799999999998,100,10599.9997
11.04.2018 09:33:28.730 GMT-0400,172.633,172.59799999999998,100,7499.9998
11.04.2018 09:33:28.835 GMT-0400,172.622,172.59799999999998,100,10400
11.04.2018 09:33:28.936 GMT-0400,172.622,172.58700000000002,62,610
11.04.2018 09:33:28.986 GMT-0400,172.61200000000002,172.588,100,600
11.04.2018 09:33:29.294 GMT-0400,172.623,172.602,100,7499.9998
11.04.2018 09:33:29.346 GMT-0400,172.613,172.58700000000002,100,600
11.04.2018 09:33:29.397 GMT-0400,172.622,172.58700000000002,62,600
11.04.2018 09:33:29.578 GMT-0400,172.593,172.577,100,220
11.04.2018 09:33:29.630 GMT-0400,172.61200000000002,172.577,62,300
11.04.2018 09:33:29.742 GMT-0400,172.593,172.577,1,370
11.04.2018 09:33:29.959 GMT-0400,172.61200000000002,172.577,62,370
11.04.2018 09:33:30.010 GMT-0400,172.602,172.578,100,370
11.04.2018 09:33:30.518 GMT-0400,172.593,172.577,62,370
11.04.2018 09:33:30.573 GMT-0400,172.592,172.56799999999998,100,600
11.04.2018 09:33:31.053 GMT-0400,172.572,172.558,100,620
11.04.2018 09:33:31.103 GMT-0400,172.572,172.548,100,570
11.04.2018 09:33:31.215 GMT-0400,172.55599999999998,172.542,100,7499.9998
11.04.2018 09:33:31.265 GMT-0400,172.563,172.542,100,7499.9998
11.04.2018 09:33:31.316 GMT-0400,172.592,172.542,62,7499.9998
11.04.2018 09:33:31.385 GMT-0400,172.583,172.537,62,340
11.04.2018 09:33:31.526 GMT-0400,172.603,172.547,100,600
11.04.2018 09:33:31.761 GMT-0400,172.592,172.53799999999998,100,340
11.04.2018 09:33:32.098 GMT-0400,172.603,172.537,100,10499.9999
11.04.2018 09:33:32.149 GMT-0400,172.572,172.53799999999998,100,340
11.04.2018 09:33:32.450 GMT-0400,172.592,172.548,62,320
11.04.2018 09:33:32.550 GMT-0400,172.592,172.53799999999998,62,300
11.04.2018 09:33:33.298 GMT-0400,172.58200000000002,172.53799999999998,100,370
11.04.2018 09:33:34.377 GMT-0400,172.583,172.547,100,75
11.04.2018 09:33:34.754 GMT-0400,172.553,172.537,100,370
11.04.2018 09:33:35.329 GMT-0400,172.55200000000002,172.53799999999998,100,380
11.04.2018 09:33:35.481 GMT-0400,172.542,172.518,62,600
11.04.2018 09:33:35.761 GMT-0400,172.542,172.528,62,370
11.04.2018 09:33:35.954 GMT-0400,172.542,172.518,62,750
11.04.2018 09:33:36.754 GMT-0400,172.553,172.51700000000002,10300.0002,670
11.04.2018 09:33:36.905 GMT-0400,172.553,172.528,62,82
11.04.2018 09:33:37.006 GMT-0400,172.572,172.52700000000002,62,300
11.04.2018 09:33:37.917 GMT-0400,172.592,172.528,100,520
11.04.2018 09:33:38.160 GMT-0400,172.58200000000002,172.528,100,220
11.04.2018 09:33:39.179 GMT-0400,172.583,172.52700000000002,100,220
11.04.2018 09:33:39.582 GMT-0400,172.592,172.548,100,220
11.04.2018 09:33:40.375 GMT-0400,172.593,172.55700000000002,100,75
11.04.2018 09:33:41.052 GMT-0400,172.592,172.558,100,300
11.04.2018 09:33:41.587 GMT-0400,172.593,172.55700000000002,10099.9996,970
11.04.2018 09:33:42.375 GMT-0400,172.592,172.558,100,900
11.04.2018 09:33:42.425 GMT-0400,172.61200000000002,172.577,62,370
11.04.2018 09:33:42.526 GMT-0400,172.622,172.588,50,75
11.04.2018 09:33:42.809 GMT-0400,172.672,172.618,100,370
11.04.2018 09:33:42.860 GMT-0400,172.672,172.631,100,7499.9998
11.04.2018 09:33:43.452 GMT-0400,172.662,172.631,100,7499.9998
11.04.2018 09:33:43.840 GMT-0400,172.66299999999998,172.61700000000002,100,670
11.04.2018 09:33:43.947 GMT-0400,172.653,172.61700000000002,100,640
11.04.2018 09:33:43.998 GMT-0400,172.64200000000002,172.597,62,10400
11.04.2018 09:33:44.115 GMT-0400,172.64200000000002,172.61700000000002,62,75
11.04.2018 09:33:44.953 GMT-0400,172.66299999999998,172.61700000000002,100,150
11.04.2018 09:33:45.105 GMT-0400,172.633,172.597,100,370
11.04.2018 09:33:45.215 GMT-0400,172.64200000000002,172.59799999999998,62,370
11.04.2018 09:33:45.494 GMT-0400,172.623,172.593,100,7499.9998
11.04.2018 09:33:45.544 GMT-0400,172.61200000000002,172.578,100,450
11.04.2018 09:33:45.698 GMT-0400,172.602,172.578,100,94
11.04.2018 09:33:45.749 GMT-0400,172.603,172.56,100,7499.9998
11.04.2018 09:33:45.822 GMT-0400,172.61200000000002,172.56,100,7499.9998
11.04.2018 09:33:46.191 GMT-0400,172.603,172.56,50,7499.9998
11.04.2018 09:33:46.344 GMT-0400,172.613,172.56,10099.9996,7499.9998
11.04.2018 09:33:46.559 GMT-0400,172.573,172.55700000000002,62,880
11.04.2018 09:33:46.610 GMT-0400,172.572,172.537,62,520
11.04.2018 09:33:46.767 GMT-0400,172.572,172.528,10099.9996,520
11.04.2018 09:33:46.818 GMT-0400,172.572,172.53799999999998,62,600
11.04.2018 09:33:47.052 GMT-0400,172.572,172.528,62,520
11.04.2018 09:33:47.523 GMT-0400,172.562,172.528,20,450
11.04.2018 09:33:47.812 GMT-0400,172.583,172.547,62,79
11.04.2018 09:33:47.863 GMT-0400,172.593,172.55700000000002,100,4
11.04.2018 09:33:48.310 GMT-0400,172.593,172.547,100,300
11.04.2018 09:33:48.361 GMT-0400,172.583,172.537,100,10499.9999
11.04.2018 09:33:48.411 GMT-0400,172.59799999999998,172.53799999999998,62,450
11.04.2018 09:33:48.605 GMT-0400,172.59799999999998,172.547,62,670
11.04.2018 09:33:48.656 GMT-0400,172.59799999999998,172.53799999999998,62,75
11.04.2018 09:33:48.897 GMT-0400,172.553,172.52700000000002,100,520
11.04.2018 09:33:48.947 GMT-0400,172.563,172.52700000000002,100,520
11.04.2018 09:33:49.193 GMT-0400,172.573,172.52700000000002,62,75
11.04.2018 09:33:49.872 GMT-0400,172.563,172.52700000000002,100,150
11.04.2018 09:33:50.453 GMT-0400,172.55200000000002,172.528,100,220
11.04.2018 09:33:50.627 GMT-0400,172.563,172.52700000000002,100,220
11.04.2018 09:33:51.269 GMT-0400,172.55200000000002,172.528,100,220
11.04.2018 09:33:51.621 GMT-0400,172.602,172.558,100,850
11.04.2018 09:33:51.671 GMT-0400,172.583,172.55,100,7499.9998
11.04.2018 09:33:51.772 GMT-0400,172.58200000000002,172.528,100,300
11.04.2018 09:33:53.288 GMT-0400,172.562,172.528,62,220
11.04.2018 09:33:53.338 GMT-0400,172.523,172.48700000000002,10400,680
11.04.2018 09:33:53.479 GMT-0400,172.503,172.47099999999998,100,9999.9998
11.04.2018 09:33:54.215 GMT-0400,172.483,172.45700000000002,100,750
11.04.2018 09:33:54.524 GMT-0400,172.44299999999998,172.421,100,7499.9998
11.04.2018 09:33:54.989 GMT-0400,172.433,172.418,62,680
11.04.2018 09:33:56.011 GMT-0400,172.442,172.418,100,680
11.04.2018 09:33:56.208 GMT-0400,172.453,172.417,100,680
11.04.2018 09:33:56.286 GMT-0400,172.44299999999998,172.417,100,680
11.04.2018 09:33:56.408 GMT-0400,172.44299999999998,172.39700000000002,100,1689.9999
11.04.2018 09:33:56.459 GMT-0400,172.458,172.428,62,75
11.04.2018 09:33:56.967 GMT-0400,172.503,172.42700000000002,100,300
11.04.2018 09:33:57.374 GMT-0400,172.513,172.42700000000002,100,330
11.04.2018 09:33:58.862 GMT-0400,172.523,172.437,100,820
11.04.2018 09:33:59.339 GMT-0400,172.52200000000002,172.448,100,220
11.04.2018 09:33:59.667 GMT-0400,172.47299999999998,172.447,100,180
11.04.2018 09:34:00.250 GMT-0400,172.44400000000002,172.43099999999998,100,7499.9998
11.04.2018 09:34:00.360 GMT-0400,172.43200000000002,172.418,100,27
11.04.2018 09:34:00.413 GMT-0400,172.41299999999998,172.398,100,11699.9997
11.04.2018 09:34:00.463 GMT-0400,172.423,172.39700000000002,100,1310
11.04.2018 09:34:00.773 GMT-0400,172.403,172.387,100,7
11.04.2018 09:34:00.823 GMT-0400,172.40200000000002,172.378,100,10599.9997
11.04.2018 09:34:01.232 GMT-0400,172.43200000000002,172.408,100,75
11.04.2018 09:34:01.581 GMT-0400,172.435,172.418,100,10099.9996
11.04.2018 09:34:01.799 GMT-0400,172.44299999999998,172.418,100,7499.9998
11.04.2018 09:34:02.360 GMT-0400,172.46900000000002,172.418,9999.9998,7499.9998
11.04.2018 09:34:02.411 GMT-0400,172.40200000000002,172.378,100,400
11.04.2018 09:34:02.917 GMT-0400,172.393,172.36700000000002,100,10099.9996
11.04.2018 09:34:02.968 GMT-0400,172.372,172.35,100,7499.9998
11.04.2018 09:34:03.018 GMT-0400,172.383,172.35,100,7499.9998
11.04.2018 09:34:03.069 GMT-0400,172.393,172.35,62,7499.9998
11.04.2018 09:34:03.312 GMT-0400,172.393,172.36700000000002,88,600
11.04.2018 09:34:03.362 GMT-0400,172.40200000000002,172.358,100,300
11.04.2018 09:34:03.525 GMT-0400,172.39200000000002,172.358,100,370
11.04.2018 09:34:04.096 GMT-0400,172.403,172.358,62,75
11.04.2018 09:34:04.147 GMT-0400,172.382,172.358,100,75
11.04.2018 09:34:04.307 GMT-0400,172.423,172.387,21,370
11.04.2018 09:34:04.358 GMT-0400,172.43200000000002,172.368,100,340
11.04.2018 09:34:05.248 GMT-0400,172.433,172.36700000000002,100,410
11.04.2018 09:34:05.979 GMT-0400,172.41299999999998,172.36700000000002,100,450
11.04.2018 09:34:06.219 GMT-0400,172.442,172.388,100,10400
11.04.2018 09:34:06.452 GMT-0400,172.44299999999998,172.39700000000002,50,150
11.04.2018 09:34:06.812 GMT-0400,172.45900000000003,172.407,62,750
11.04.2018 09:34:07.592 GMT-0400,172.452,172.398,100,220
11.04.2018 09:34:07.769 GMT-0400,172.46200000000002,172.398,100,520
11.04.2018 09:34:08.760 GMT-0400,172.463,172.39700000000002,100,300
11.04.2018 09:34:08.959 GMT-0400,172.452,172.398,100,220
11.04.2018 09:34:10.647 GMT-0400,172.433,172.398,62,380
11.04.2018 09:34:10.952 GMT-0400,172.403,172.36,62,7499.9998
11.04.2018 09:34:11.005 GMT-0400,172.372,172.338,100,7499.9998
11.04.2018 09:34:11.056 GMT-0400,172.382,172.338,62,10900.0001
11.04.2018 09:34:11.243 GMT-0400,172.36200000000002,172.338,100,7499.9998
11.04.2018 09:34:11.293 GMT-0400,172.382,172.338,10300.0002,7499.9998
11.04.2018 09:34:11.450 GMT-0400,172.382,172.347,62,75
11.04.2018 09:34:11.582 GMT-0400,172.382,172.338,62,7499.9998
11.04.2018 09:34:11.671 GMT-0400,172.352,172.328,100,370
11.04.2018 09:34:12.136 GMT-0400,172.343,172.32,60,7499.9998
11.04.2018 09:34:12.427 GMT-0400,172.343,172.30700000000002,10099.9996,150
11.04.2018 09:34:12.574 GMT-0400,172.33200000000002,172.308,100,150
11.04.2018 09:34:12.721 GMT-0400,172.33200000000002,172.299,100,7499.9998
11.04.2018 09:34:12.822 GMT-0400,172.30599999999998,172.299,100,7499.9998
11.04.2018 09:34:12.872 GMT-0400,172.343,172.299,9999.9998,7499.9998
11.04.2018 09:34:12.973 GMT-0400,172.294,172.28099999999998,100,7499.9998
11.04.2018 09:34:13.078 GMT-0400,172.292,172.268,100,75
11.04.2018 09:34:13.549 GMT-0400,172.293,172.27700000000002,100,75
11.04.2018 09:34:13.600 GMT-0400,172.30200000000002,172.278,59,600
11.04.2018 09:34:13.980 GMT-0400,172.303,172.26700000000002,100,450
11.04.2018 09:34:14.309 GMT-0400,172.30200000000002,172.278,100,75
11.04.2018 09:34:14.840 GMT-0400,172.353,172.31799999999998,62,75
11.04.2018 09:34:14.891 GMT-0400,172.363,172.327,62,300
11.04.2018 09:34:15.132 GMT-0400,172.382,172.327,62,10400
11.04.2018 09:34:15.182 GMT-0400,172.36200000000002,172.327,62,300
11.04.2018 09:34:15.494 GMT-0400,172.36200000000002,172.321,10700.0005,7499.9998
11.04.2018 09:34:15.952 GMT-0400,172.33200000000002,172.321,100,7499.9998
11.04.2018 09:34:16.090 GMT-0400,172.323,172.291,100,7499.9998
11.04.2018 09:34:16.955 GMT-0400,172.323,172.26700000000002,100,370
11.04.2018 09:34:17.619 GMT-0400,172.322,172.268,100,220
11.04.2018 09:34:18.435 GMT-0400,172.323,172.26700000000002,100,220
11.04.2018 09:34:18.485 GMT-0400,172.292,172.248,50,370
11.04.2018 09:34:19.715 GMT-0400,172.293,172.257,50,34
11.04.2018 09:34:20.135 GMT-0400,172.273,172.248,5,7499.9998
11.04.2018 09:34:20.412 GMT-0400,172.292,172.248,50,10499.9999
11.04.2018 09:34:20.462 GMT-0400,172.292,172.268,50,75
11.04.2018 09:34:20.980 GMT-0400,172.293,172.26700000000002,70,130
11.04.2018 09:34:21.353 GMT-0400,172.292,172.25900000000001,70,7499.9998
11.04.2018 09:34:21.453 GMT-0400,172.312,172.28799999999998,100,75
11.04.2018 09:34:21.504 GMT-0400,172.32,172.28799999999998,62,75
11.04.2018 09:34:22.210 GMT-0400,172.32,172.287,62,75
11.04.2018 09:34:22.413 GMT-0400,172.32,172.268,62,7499.9998
11.04.2018 09:34:23.097 GMT-0400,172.343,172.26700000000002,100,670
11.04.2018 09:34:23.482 GMT-0400,172.342,172.28799999999998,100,220
11.04.2018 09:34:24.271 GMT-0400,172.36200000000002,172.31799999999998,10700.0005,75
11.04.2018 09:34:24.325 GMT-0400,172.36200000000002,172.308,100,750
11.04.2018 09:34:24.381 GMT-0400,172.363,172.317,100,150
11.04.2018 09:34:24.950 GMT-0400,172.36200000000002,172.31799999999998,100,75
11.04.2018 09:34:25.604 GMT-0400,172.343,172.30700000000002,10,75
11.04.2018 09:34:25.655 GMT-0400,172.343,172.297,100,11099.9998
11.04.2018 09:34:25.922 GMT-0400,172.33200000000002,172.298,100,670
11.04.2018 09:34:26.867 GMT-0400,172.333,172.297,100,900
11.04.2018 09:34:27.295 GMT-0400,172.36200000000002,172.328,100,75
11.04.2018 09:34:28.058 GMT-0400,172.353,172.327,62,150
11.04.2018 09:34:28.109 GMT-0400,172.353,172.317,62,190
11.04.2018 09:34:28.303 GMT-0400,172.363,172.317,100,150
11.04.2018 09:34:28.432 GMT-0400,172.36200000000002,172.338,100,450
11.04.2018 09:34:28.551 GMT-0400,172.353,172.317,100,76
11.04.2018 09:34:28.850 GMT-0400,172.333,172.297,100,11099.9998
11.04.2018 09:34:28.902 GMT-0400,172.343,172.298,62,300
11.04.2018 09:34:29.693 GMT-0400,172.342,172.298,50,450
11.04.2018 09:34:30.240 GMT-0400,172.343,172.297,50,520
11.04.2018 09:34:30.407 GMT-0400,172.343,172.30700000000002,50,150
11.04.2018 09:34:30.856 GMT-0400,172.36200000000002,172.31799999999998,100,300
11.04.2018 09:34:30.906 GMT-0400,172.36200000000002,172.338,100,7350.0001
11.04.2018 09:34:31.461 GMT-0400,172.363,172.33700000000002,100,5299.9998
11.04.2018 09:34:32.051 GMT-0400,172.352,172.338,100,1930
11.04.2018 09:34:32.102 GMT-0400,172.389,172.357,62,150
11.04.2018 09:34:32.208 GMT-0400,172.383,172.347,100,75
11.04.2018 09:34:32.259 GMT-0400,172.389,172.347,62,75
11.04.2018 09:34:32.309 GMT-0400,172.412,172.378,100,7
11.04.2018 09:34:32.360 GMT-0400,172.403,172.357,100,10400
11.04.2018 09:34:32.459 GMT-0400,172.418,172.36700000000002,62,370
11.04.2018 09:34:33.059 GMT-0400,172.418,172.368,62,370
11.04.2018 09:34:33.290 GMT-0400,172.418,172.377,62,750
11.04.2018 09:34:33.341 GMT-0400,172.44299999999998,172.377,100,750
11.04.2018 09:34:33.528 GMT-0400,172.453,172.377,100,750
11.04.2018 09:34:33.579 GMT-0400,172.452,172.388,100,820
11.04.2018 09:34:34.048 GMT-0400,172.44299999999998,172.377,100,820
11.04.2018 09:34:34.859 GMT-0400,172.442,172.378,100,75
11.04.2018 09:34:35.390 GMT-0400,172.43200000000002,172.378,100,520
11.04.2018 09:34:36.116 GMT-0400,172.433,172.377,100,500
11.04.2018 09:34:36.768 GMT-0400,172.422,172.398,100,75
11.04.2018 09:34:37.303 GMT-0400,172.41299999999998,172.377,100,500
11.04.2018 09:34:37.475 GMT-0400,172.393,172.377,100,170
11.04.2018 09:34:37.603 GMT-0400,172.40200000000002,172.378,100,170
11.04.2018 09:34:37.687 GMT-0400,172.385,172.368,100,370
11.04.2018 09:34:37.805 GMT-0400,172.39200000000002,172.368,10400,290
11.04.2018 09:34:37.995 GMT-0400,172.382,172.34799999999998,62,130
11.04.2018 09:34:38.277 GMT-0400,172.372,172.338,10,710
11.04.2018 09:34:38.327 GMT-0400,172.382,172.33700000000002,62,410
11.04.2018 09:34:38.378 GMT-0400,172.373,172.33700000000002,100,390
11.04.2018 09:34:38.895 GMT-0400,172.382,172.33700000000002,62,460
11.04.2018 09:34:39.098 GMT-0400,172.372,172.338,1,460
11.04.2018 09:34:39.681 GMT-0400,172.372,172.358,1,75
11.04.2018 09:34:39.732 GMT-0400,172.373,172.352,1,7499.9998
11.04.2018 09:34:39.783 GMT-0400,172.383,172.36700000000002,69,75
11.04.2018 09:34:40.141 GMT-0400,172.373,172.358,100,7499.9998
11.04.2018 09:34:40.192 GMT-0400,172.373,172.33900000000003,30,7499.9998
11.04.2018 09:34:40.790 GMT-0400,172.363,172.33900000000003,100,7499.9998
11.04.2018 09:34:41.577 GMT-0400,172.363,172.33700000000002,30,370
11.04.2018 09:34:41.900 GMT-0400,172.353,172.327,100,300
11.04.2018 09:34:42.451 GMT-0400,172.352,172.328,30,530
11.04.2018 09:34:43.416 GMT-0400,172.353,172.327,30,520
11.04.2018 09:34:44.008 GMT-0400,172.352,172.328,30,190
11.04.2018 09:34:44.653 GMT-0400,172.353,172.327,100,110
11.04.2018 09:34:44.735 GMT-0400,172.373,172.327,10400,110
11.04.2018 09:34:44.785 GMT-0400,172.363,172.317,100,460
11.04.2018 09:34:45.205 GMT-0400,172.352,172.31799999999998,100,460
11.04.2018 09:34:45.802 GMT-0400,172.363,172.317,10900.0001,610
11.04.2018 09:34:47.237 GMT-0400,172.36200000000002,172.328,100,75
11.04.2018 09:34:47.288 GMT-0400,172.382,172.317,62,910
11.04.2018 09:34:47.339 GMT-0400,172.382,172.328,10499.9999,2
11.04.2018 09:34:48.016 GMT-0400,172.363,172.327,100,77
11.04.2018 09:34:48.748 GMT-0400,172.36200000000002,172.328,100,2
11.04.2018 09:34:48.940 GMT-0400,172.40200000000002,172.34799999999998,100,300
11.04.2018 09:34:49.953 GMT-0400,172.403,172.347,100,300
11.04.2018 09:34:50.049 GMT-0400,172.393,172.33700000000002,100,760
11.04.2018 09:34:50.101 GMT-0400,172.40200000000002,172.338,100,1060
11.04.2018 09:34:50.975 GMT-0400,172.403,172.33700000000002,100,250
11.04.2018 09:34:51.026 GMT-0400,172.373,172.33700000000002,100,170
11.04.2018 09:34:51.173 GMT-0400,172.36200000000002,172.31799999999998,10499.9999,760
11.04.2018 09:34:51.988 GMT-0400,172.36200000000002,172.327,62,75
11.04.2018 09:34:52.040 GMT-0400,172.373,172.327,100,75
11.04.2018 09:34:52.506 GMT-0400,172.363,172.327,100,75
11.04.2018 09:34:52.834 GMT-0400,172.342,172.31799999999998,100,10700.0005
11.04.2018 09:34:52.962 GMT-0400,172.352,172.31799999999998,10099.9996,530
11.04.2018 09:34:53.800 GMT-0400,172.343,172.317,10,530
11.04.2018 09:34:53.943 GMT-0400,172.352,172.31799999999998,100,530
11.04.2018 09:34:54.050 GMT-0400,172.342,172.31799999999998,100,280
11.04.2018 09:34:55.087 GMT-0400,172.343,172.317,30,350
11.04.2018 09:34:55.281 GMT-0400,172.352,172.31799999999998,100,150
11.04.2018 09:34:56.111 GMT-0400,172.333,172.30700000000002,100,670
11.04.2018 09:34:56.451 GMT-0400,172.322,172.308,100,750
11.04.2018 09:34:56.502 GMT-0400,172.33200000000002,172.317,62,300
11.04.2018 09:34:56.555 GMT-0400,172.353,172.317,100,10400
11.04.2018 09:34:57.555 GMT-0400,172.353,172.30700000000002,100,750
11.04.2018 09:34:58.485 GMT-0400,172.352,172.308,100,670
11.04.2018 09:34:58.912 GMT-0400,172.342,172.308,100,75
11.04.2018 09:34:59.217 GMT-0400,172.323,172.287,62,150
11.04.2018 09:34:59.428 GMT-0400,172.322,172.28,100,7499.9998
11.04.2018 09:34:59.983 GMT-0400,172.322,172.278,100,600
11.04.2018 09:35:00.062 GMT-0400,172.303,172.27700000000002,100,600
11.04.2018 09:35:00.399 GMT-0400,172.28099999999998,172.268,100,7499.9998
11.04.2018 09:35:00.449 GMT-0400,172.27200000000002,172.248,10,160
11.04.2018 09:35:00.550 GMT-0400,172.252,172.243,62,160
11.04.2018 09:35:01.066 GMT-0400,172.25099999999998,172.247,62,160
11.04.2018 09:35:01.206 GMT-0400,172.25099999999998,172.238,62,900
11.04.2018 09:35:01.355 GMT-0400,172.25099999999998,172.228,62,37
11.04.2018 09:35:01.745 GMT-0400,172.25099999999998,172.218,62,490
11.04.2018 09:35:02.106 GMT-0400,172.262,172.218,100,75
11.04.2018 09:35:02.160 GMT-0400,172.24200000000002,172.208,10,56
11.04.2018 09:35:02.211 GMT-0400,172.203,172.157,100,10499.9999
11.04.2018 09:35:02.262 GMT-0400,172.183,172.14700000000002,10,680
11.04.2018 09:35:02.312 GMT-0400,172.203,172.14700000000002,10700.0005,680
11.04.2018 09:35:02.429 GMT-0400,172.19299999999998,172.14700000000002,100,170
11.04.2018 09:35:02.757 GMT-0400,172.173,172.141,100,7499.9998
11.04.2018 09:35:02.878 GMT-0400,172.18200000000002,172.148,100,670
11.04.2018 09:35:02.929 GMT-0400,172.183,172.141,100,7499.9998
11.04.2018 09:35:02.979 GMT-0400,172.16299999999998,172.141,88,7499.9998
11.04.2018 09:35:03.030 GMT-0400,172.183,172.14700000000002,100,380
11.04.2018 09:35:03.080 GMT-0400,172.162,172.138,100,770
11.04.2018 09:35:03.437 GMT-0400,172.171,172.14700000000002,62,460
11.04.2018 09:35:03.588 GMT-0400,172.18200000000002,172.148,100,370
11.04.2018 09:35:04.106 GMT-0400,172.183,172.14700000000002,100,7499.9998
11.04.2018 09:35:04.522 GMT-0400,172.16299999999998,172.137,100,770
11.04.2018 09:35:05.025 GMT-0400,172.172,172.14700000000002,62,82
11.04.2018 09:35:05.076 GMT-0400,172.18900000000002,172.158,62,490
11.04.2018 09:35:05.126 GMT-0400,172.18900000000002,172.167,62,300
11.04.2018 09:35:05.176 GMT-0400,172.18900000000002,172.157,62,75
11.04.2018 09:35:05.355 GMT-0400,172.192,172.18,100,7499.9998
11.04.2018 09:35:05.405 GMT-0400,172.192,172.158,100,75
11.04.2018 09:35:05.553 GMT-0400,172.198,172.157,62,150
11.04.2018 09:35:05.603 GMT-0400,172.21,172.188,62,150
11.04.2018 09:35:05.854 GMT-0400,172.21,172.167,62,9999.9998
11.04.2018 09:35:05.955 GMT-0400,172.243,172.198,62,370
11.04.2018 09:35:06.044 GMT-0400,172.243,172.20700000000002,62,160
11.04.2018 09:35:06.172 GMT-0400,172.268,172.228,62,75
11.04.2018 09:35:06.272 GMT-0400,172.283,172.227,100,7499.9998
11.04.2018 09:35:06.524 GMT-0400,172.263,172.227,100,7499.9998
11.04.2018 09:35:06.836 GMT-0400,172.243,172.217,100,75
11.04.2018 09:35:06.886 GMT-0400,172.252,172.218,100,75
11.04.2018 09:35:06.997 GMT-0400,172.24200000000002,172.218,100,4
11.04.2018 09:35:07.048 GMT-0400,172.253,172.217,100,4
11.04.2018 09:35:07.322 GMT-0400,172.262,172.228,100,75
11.04.2018 09:35:07.372 GMT-0400,172.262,172.218,100,4
11.04.2018 09:35:07.427 GMT-0400,172.24200000000002,172.208,10,10099.9996
11.04.2018 09:35:07.477 GMT-0400,172.253,172.208,100,7499.9998
11.04.2018 09:35:07.902 GMT-0400,172.253,172.197,100,450
11.04.2018 09:35:08.233 GMT-0400,172.253,172.20700000000002,100,38
11.04.2018 09:35:08.767 GMT-0400,172.252,172.208,100,110
11.04.2018 09:35:08.882 GMT-0400,172.263,172.217,100,220
11.04.2018 09:35:08.997 GMT-0400,172.28,172.238,62,75
11.04.2018 09:35:09.048 GMT-0400,172.28,172.227,62,370
11.04.2018 09:35:09.099 GMT-0400,172.262,172.218,100,450
11.04.2018 09:35:09.778 GMT-0400,172.262,172.198,100,9999.9998
11.04.2018 09:35:10.093 GMT-0400,172.253,172.218,100,7499.9998
11.04.2018 09:35:10.542 GMT-0400,172.263,172.218,100,7499.9998
11.04.2018 09:35:10.643 GMT-0400,172.262,172.218,100,9999.9998
11.04.2018 09:35:11.230 GMT-0400,172.263,172.227,100,76
11.04.2018 09:35:11.876 GMT-0400,172.262,172.228,100,150
11.04.2018 09:35:12.246 GMT-0400,172.222,172.208,4,71
11.04.2018 09:35:12.910 GMT-0400,172.22299999999998,172.20700000000002,4,70
11.04.2018 09:35:14.297 GMT-0400,172.21,172.199,62,70
11.04.2018 09:35:14.503 GMT-0400,172.21,172.188,62,75
11.04.2018 09:35:14.603 GMT-0400,172.203,172.17700000000002,100,150
11.04.2018 09:35:14.824 GMT-0400,172.203,172.167,100,150
11.04.2018 09:35:15.340 GMT-0400,172.19299999999998,172.148,100,7499.9998
11.04.2018 09:35:15.391 GMT-0400,172.183,172.14700000000002,100,1
11.04.2018 09:35:15.441 GMT-0400,172.173,172.128,10,7499.9998
11.04.2018 09:35:15.545 GMT-0400,172.18200000000002,172.128,100,10400
11.04.2018 09:35:15.600 GMT-0400,172.172,172.128,100,10300.0002
11.04.2018 09:35:15.650 GMT-0400,172.18200000000002,172.128,100,10300.0002
11.04.2018 09:35:15.811 GMT-0400,172.172,172.128,100,7499.9998
11.04.2018 09:35:15.862 GMT-0400,172.183,172.128,100,7499.9998
11.04.2018 09:35:15.912 GMT-0400,172.172,172.128,100,10900.0001
11.04.2018 09:35:16.303 GMT-0400,172.153,172.11700000000002,100,670
11.04.2018 09:35:16.972 GMT-0400,172.15200000000002,172.118,100,220
11.04.2018 09:35:17.090 GMT-0400,172.15200000000002,172.11,100,7499.9998
11.04.2018 09:35:17.202 GMT-0400,172.133,172.107,19,150
11.04.2018 09:35:17.716 GMT-0400,172.11200000000002,172.09799999999998,19,3
11.04.2018 09:35:18.016 GMT-0400,172.11200000000002,172.06799999999998,62,75
11.04.2018 09:35:18.497 GMT-0400,172.103,172.067,100,75
11.04.2018 09:35:18.648 GMT-0400,172.11200000000002,172.06799999999998,10900.0001,75
11.04.2018 09:35:18.976 GMT-0400,172.122,172.06799999999998,100,75
11.04.2018 09:35:19.214 GMT-0400,172.113,172.067,100,75
11.04.2018 09:35:19.543 GMT-0400,172.092,172.06799999999998,100,75
11.04.2018 09:35:19.595 GMT-0400,172.123,172.08700000000002,100,220
11.04.2018 09:35:19.713 GMT-0400,172.122,172.081,100,7499.9998
11.04.2018 09:35:19.895 GMT-0400,172.122,172.088,100,150
11.04.2018 09:35:20.284 GMT-0400,172.132,172.09799999999998,100,75
11.04.2018 09:35:20.392 GMT-0400,172.133,172.08700000000002,100,75
11.04.2018 09:35:20.444 GMT-0400,172.113,172.081,10,7499.9998
11.04.2018 09:35:20.495 GMT-0400,172.102,172.06799999999998,100,75
11.04.2018 09:35:20.546 GMT-0400,172.08200000000002,172.06799999999998,100,75
11.04.2018 09:35:21.064 GMT-0400,172.093,172.067,62,97
11.04.2018 09:35:21.301 GMT-0400,172.08200000000002,172.06799999999998,100,75
11.04.2018 09:35:21.467 GMT-0400,172.073,172.05700000000002,100,300
11.04.2018 09:35:21.572 GMT-0400,172.08200000000002,172.05700000000002,62,300
11.04.2018 09:35:21.623 GMT-0400,172.08200000000002,172.05,10599.9997,7499.9998
11.04.2018 09:35:22.192 GMT-0400,172.072,172.05,100,7499.9998
11.04.2018 09:35:22.242 GMT-0400,172.063,172.037,10,75
11.04.2018 09:35:22.294 GMT-0400,172.073,172.037,10999.9999,75
11.04.2018 09:35:22.405 GMT-0400,172.073,172.047,62,130
11.04.2018 09:35:22.455 GMT-0400,172.093,172.047,100,37
11.04.2018 09:35:22.927 GMT-0400,172.093,172.05700000000002,100,150
11.04.2018 09:35:23.424 GMT-0400,172.11200000000002,172.088,100,300
11.04.2018 09:35:23.703 GMT-0400,172.123,172.097,100,220
11.04.2018 09:35:23.754 GMT-0400,172.11200000000002,172.088,100,220
11.04.2018 09:35:23.921 GMT-0400,172.11200000000002,172.06799999999998,100,10900.0001
11.04.2018 09:35:24.358 GMT-0400,172.113,172.077,100,82
11.04.2018 09:35:24.898 GMT-0400,172.132,172.108,100,75
11.04.2018 09:35:25.344 GMT-0400,172.139,172.108,62,75
11.04.2018 09:35:25.395 GMT-0400,172.143,172.11700000000002,100,75
11.04.2018 09:35:25.505 GMT-0400,172.14200000000002,172.108,100,10200.0004
11.04.2018 09:35:25.555 GMT-0400,172.133,172.107,100,150
11.04.2018 09:35:25.606 GMT-0400,172.14000000000001,172.107,62,150
11.04.2018 09:35:26.144 GMT-0400,172.133,172.107,1,150
11.04.2018 09:35:27.017 GMT-0400,172.113,172.1,100,7499.9998
11.04.2018 09:35:27.068 GMT-0400,172.113,172.067,100,450
11.04.2018 09:35:27.121 GMT-0400,172.102,172.06799999999998,100,450
11.04.2018 09:35:27.172 GMT-0400,172.102,172.058,100,10400
11.04.2018 09:35:27.574 GMT-0400,172.103,172.067,100,150
11.04.2018 09:35:28.053 GMT-0400,172.093,172.047,100,37
11.04.2018 09:35:28.160 GMT-0400,172.093,172.037,100,600
11.04.2018 09:35:28.412 GMT-0400,172.072,172.03799999999998,1,300
11.04.2018 09:35:29.023 GMT-0400,172.073,172.037,1,250
11.04.2018 09:35:29.182 GMT-0400,172.072,172.028,100,300
11.04.2018 09:35:29.779 GMT-0400,172.053,172.02700000000002,5,310
11.04.2018 09:35:29.951 GMT-0400,172.063,172.02700000000002,5,310
11.04.2018 09:35:30.194 GMT-0400,172.053,172.02700000000002,5,310
11.04.2018 09:35:30.245 GMT-0400,172.062,172.028,5,310
11.04.2018 09:35:30.295 GMT-0400,172.053,172.02700000000002,5,310
11.04.2018 09:35:30.747 GMT-0400,172.063,172.02700000000002,5,310
11.04.2018 09:35:30.906 GMT-0400,172.072,172.028,100,310
11.04.2018 09:35:30.957 GMT-0400,172.063,172.02700000000002,5,310
11.04.2018 09:35:31.720 GMT-0400,172.063,172.037,5,7499.9998
11.04.2018 09:35:32.229 GMT-0400,172.122,172.09799999999998,10099.9996,150
11.04.2018 09:35:32.379 GMT-0400,172.15099999999998,172.11700000000002,62,240
11.04.2018 09:35:32.430 GMT-0400,172.15,172.139,62,10
11.04.2018 09:35:32.667 GMT-0400,172.14200000000002,172.108,100,23
11.04.2018 09:35:32.717 GMT-0400,172.15200000000002,172.137,100,7499.9998
11.04.2018 09:35:32.768 GMT-0400,172.15200000000002,172.108,100,1
11.04.2018 09:35:33.088 GMT-0400,172.14200000000002,172.108,100,120
11.04.2018 09:35:33.751 GMT-0400,172.143,172.097,100,190
11.04.2018 09:35:33.801 GMT-0400,172.122,172.09799999999998,100,72
11.04.2018 09:35:33.852 GMT-0400,172.113,172.078,100,7499.9998
11.04.2018 09:35:33.952 GMT-0400,172.123,172.078,100,7499.9998
11.04.2018 09:35:34.801 GMT-0400,172.123,172.077,100,520
11.04.2018 09:35:35.090 GMT-0400,172.093,172.058,10,7499.9998
11.04.2018 09:35:35.392 GMT-0400,172.09900000000002,172.06799999999998,62,150
11.04.2018 09:35:35.617 GMT-0400,172.11200000000002,172.06799999999998,100,79
11.04.2018 09:35:35.917 GMT-0400,172.122,172.06799999999998,100,450
11.04.2018 09:35:36.200 GMT-0400,172.11200000000002,172.06799999999998,100,79
11.04.2018 09:35:36.573 GMT-0400,172.11200000000002,172.078,100,75
11.04.2018 09:35:37.234 GMT-0400,172.102,172.06799999999998,100,10099.9996
11.04.2018 09:35:37.284 GMT-0400,172.083,172.047,11,75
11.04.2018 09:35:37.335 GMT-0400,172.08200000000002,172.03799999999998,100,370
11.04.2018 09:35:37.806 GMT-0400,172.092,172.037,62,370
11.04.2018 09:35:38.040 GMT-0400,172.083,172.037,100,370
11.04.2018 09:35:38.374 GMT-0400,172.08200000000002,172.051,100,7499.9998
11.04.2018 09:35:39.269 GMT-0400,172.08200000000002,172.03799999999998,100,110
11.04.2018 09:35:39.916 GMT-0400,172.072,172.03799999999998,100,150
11.04.2018 09:35:40.777 GMT-0400,172.062,172.03799999999998,100,150
11.04.2018 09:35:41.467 GMT-0400,172.062,172.048,100,75
11.04.2018 09:35:41.833 GMT-0400,172.05200000000002,172.03799999999998,100,150
11.04.2018 09:35:41.883 GMT-0400,172.062,172.03799999999998,100,150
11.04.2018 09:35:42.112 GMT-0400,172.05200000000002,172.03799999999998,100,150
11.04.2018 09:35:42.208 GMT-0400,172.063,172.037,100,150
11.04.2018 09:35:43.157 GMT-0400,172.073,172.037,100,160
11.04.2018 09:35:43.245 GMT-0400,172.08,172.03799999999998,62,150
11.04.2018 09:35:43.296 GMT-0400,172.092,172.03799999999998,100,10599.9997
11.04.2018 09:35:43.346 GMT-0400,172.1,172.047,62,870
11.04.2018 09:35:43.704 GMT-0400,172.1,172.058,62,670
11.04.2018 09:35:44.053 GMT-0400,172.092,172.058,100,150
11.04.2018 09:35:44.453 GMT-0400,172.103,172.08700000000002,100,75
11.04.2018 09:35:45.257 GMT-0400,172.133,172.08700000000002,100,82
11.04.2018 09:35:45.376 GMT-0400,172.122,172.09799999999998,100,75
11.04.2018 09:35:45.527 GMT-0400,172.103,172.077,100,75
11.04.2018 09:35:46.188 GMT-0400,172.102,172.078,100,220
11.04.2018 09:35:47.046 GMT-0400,172.103,172.077,100,95
11.04.2018 09:35:47.692 GMT-0400,172.093,172.067,100,75
11.04.2018 09:35:47.742 GMT-0400,172.102,172.06799999999998,10800.0003,150
11.04.2018 09:35:47.835 GMT-0400,172.092,172.06799999999998,100,120
11.04.2018 09:35:47.885 GMT-0400,172.102,172.067,62,46
11.04.2018 09:35:48.393 GMT-0400,172.093,172.067,100,46
11.04.2018 09:35:49.163 GMT-0400,172.083,172.047,100,10700.0005
11.04.2018 09:35:49.214 GMT-0400,172.062,172.048,100,460
11.04.2018 09:35:49.353 GMT-0400,172.053,172.037,100,150
11.04.2018 09:35:49.578 GMT-0400,172.062,172.048,100,150
11.04.2018 09:35:50.636 GMT-0400,172.063,172.03799999999998,100,7499.9998
11.04.2018 09:35:50.895 GMT-0400,172.042,172.01700000000002,62,150
11.04.2018 09:35:51.546 GMT-0400,172.042,172.018,14899.9998,230
11.04.2018 09:35:51.893 GMT-0400,172.083,172.037,100,680
11.04.2018 09:35:52.094 GMT-0400,172.092,172.047,62,76
11.04.2018 09:35:52.585 GMT-0400,172.102,172.047,100,9999.9998
11.04.2018 09:35:52.692 GMT-0400,172.102,172.058,100,110
11.04.2018 09:35:52.742 GMT-0400,172.092,172.058,100,7
11.04.2018 09:35:53.246 GMT-0400,172.072,172.047,100,7499.9998
11.04.2018 09:35:53.347 GMT-0400,172.062,172.019,100,7499.9998
11.04.2018 09:35:53.580 GMT-0400,172.033,172.01700000000002,100,190
11.04.2018 09:35:54.581 GMT-0400,172.062,172.028,100,220
11.04.2018 09:35:55.102 GMT-0400,172.062,172.03799999999998,100,7
11.04.2018 09:35:55.153 GMT-0400,172.063,172.02700000000002,10099.9996,450
11.04.2018 09:35:55.427 GMT-0400,172.073,172.047,100,75
11.04.2018 09:35:55.538 GMT-0400,172.08200000000002,172.047,62,75
11.04.2018 09:35:56.106 GMT-0400,172.08200000000002,172.048,10900.0001,370
11.04.2018 09:35:56.273 GMT-0400,172.05900000000003,172.048,62,370
11.04.2018 09:35:56.324 GMT-0400,172.043,172.02700000000002,100,7499.9998
11.04.2018 09:35:56.393 GMT-0400,172.033,172.02700000000002,100,7499.9998
11.04.2018 09:35:56.494 GMT-0400,172.042,172.02700000000002,100,7499.9998
11.04.2018 09:35:56.595 GMT-0400,172.04,172.008,62,150
11.04.2018 09:35:57.288 GMT-0400,172.033,172.007,100,150
11.04.2018 09:35:58.093 GMT-0400,172.033,172.01700000000002,100,75
11.04.2018 09:35:58.333 GMT-0400,172.092,172.06799999999998,100,75
11.04.2018 09:35:58.511 GMT-0400,172.103,172.078,62,75
11.04.2018 09:35:58.562 GMT-0400,172.11,172.067,62,10099.9996
11.04.2018 09:35:58.890 GMT-0400,172.11,172.077,62,75
11.04.2018 09:35:59.231 GMT-0400,172.11,172.09799999999998,62,150
11.04.2018 09:35:59.281 GMT-0400,172.123,172.08700000000002,100,75
11.04.2018 09:35:59.448 GMT-0400,172.113,172.08700000000002,100,75
11.04.2018 09:35:59.965 GMT-0400,172.122,172.108,100,140
11.04.2018 09:36:00.016 GMT-0400,172.133,172.107,100,140
11.04.2018 09:36:00.169 GMT-0400,172.12,172.107,62,110
11.04.2018 09:36:00.294 GMT-0400,172.11200000000002,172.088,100,10300.0002
11.04.2018 09:36:00.345 GMT-0400,172.103,172.081,100,7499.9998
11.04.2018 09:36:00.790 GMT-0400,172.08200000000002,172.06799999999998,100,10099.9996
11.04.2018 09:36:00.841 GMT-0400,172.073,172.058,100,7499.9998
11.04.2018 09:36:01.138 GMT-0400,172.08200000000002,172.06799999999998,100,370
11.04.2018 09:36:01.754 GMT-0400,172.08900000000003,172.08400000000003,62,75
11.04.2018 09:36:01.890 GMT-0400,172.092,172.078,100,75
11.04.2018 09:36:02.062 GMT-0400,172.083,172.067,100,140
11.04.2018 09:36:02.113 GMT-0400,172.092,172.06799999999998,10300.0002,67
11.04.2018 09:36:02.580 GMT-0400,172.102,172.06799999999998,100,140
11.04.2018 09:36:02.789 GMT-0400,172.102,172.078,100,150
11.04.2018 09:36:02.839 GMT-0400,172.103,172.067,100,10200.0004
11.04.2018 09:36:03.184 GMT-0400,172.113,172.067,100,10400
11.04.2018 09:36:03.296 GMT-0400,172.102,172.06799999999998,1,290
11.04.2018 09:36:03.868 GMT-0400,172.103,172.067,1,370
11.04.2018 09:36:04.593 GMT-0400,172.092,172.058,100,4
11.04.2018 09:36:05.003 GMT-0400,172.062,172.041,100,7499.9998
11.04.2018 09:36:05.053 GMT-0400,172.062,172.028,10499.9999,520
11.04.2018 09:36:05.433 GMT-0400,172.043,172.02700000000002,100,520
11.04.2018 09:36:05.530 GMT-0400,172.062,172.037,62,220
11.04.2018 09:36:05.581 GMT-0400,172.05200000000002,172.03799999999998,100,220
11.04.2018 09:36:06.078 GMT-0400,172.05200000000002,172.03099999999998,100,7499.9998
11.04.2018 09:36:06.792 GMT-0400,172.042,172.018,100,160
11.04.2018 09:36:06.892 GMT-0400,172.033,171.997,100,1830
11.04.2018 09:36:06.943 GMT-0400,172.023,171.997,5,1660
11.04.2018 09:36:07.245 GMT-0400,171.975,171.958,100,10400
11.04.2018 09:36:07.295 GMT-0400,172.01,171.958,9999.9998,7499.9998
11.04.2018 09:36:07.396 GMT-0400,171.942,171.928,100,370
11.04.2018 09:36:07.543 GMT-0400,171.953,171.937,100,150
11.04.2018 09:36:07.594 GMT-0400,171.96200000000002,171.938,100,600
11.04.2018 09:36:07.652 GMT-0400,171.952,171.93200000000002,100,7499.9998
11.04.2018 09:36:08.201 GMT-0400,171.953,171.917,100,520
11.04.2018 09:36:08.460 GMT-0400,171.96200000000002,171.918,100,220
11.04.2018 09:36:08.538 GMT-0400,171.94299999999998,171.917,100,220
11.04.2018 09:36:08.713 GMT-0400,171.963,171.928,62,230
11.04.2018 09:36:08.764 GMT-0400,171.993,171.928,100,7499.9998
11.04.2018 09:36:08.979 GMT-0400,172.013,171.997,9,67
11.04.2018 09:36:09.030 GMT-0400,172.02,171.997,62,53
11.04.2018 09:36:09.302 GMT-0400,172.042,171.998,10599.9997,53
11.04.2018 09:36:09.709 GMT-0400,172.053,172.01700000000002,100,75
11.04.2018 09:36:10.451 GMT-0400,172.053,172.037,100,7499.9998
11.04.2018 09:36:10.502 GMT-0400,172.062,172.03799999999998,100,75
11.04.2018 09:36:10.987 GMT-0400,172.05200000000002,172.03799999999998,100,75
11.04.2018 09:36:11.725 GMT-0400,172.05200000000002,172.037,62,75
11.04.2018 09:36:11.797 GMT-0400,172.05200000000002,172.02700000000002,62,150
11.04.2018 09:36:11.940 GMT-0400,172.043,172.01700000000002,100,150
11.04.2018 09:36:12.175 GMT-0400,172.05200000000002,172.018,10800.0003,150
11.04.2018 09:36:12.735 GMT-0400,172.053,172.01700000000002,100,150
11.04.2018 09:36:12.819 GMT-0400,172.053,172.028,100,7499.9998
11.04.2018 09:36:12.950 GMT-0400,172.063,172.028,100,7499.9998
11.04.2018 09:36:13.087 GMT-0400,172.063,172.047,100,150
11.04.2018 09:36:13.748 GMT-0400,172.062,172.048,100,75
11.04.2018 09:36:14.748 GMT-0400,172.063,172.047,100,150
11.04.2018 09:36:15.069 GMT-0400,172.02200000000002,171.998,10,220
11.04.2018 09:36:15.120 GMT-0400,172.042,171.998,10800.0003,450
11.04.2018 09:36:15.342 GMT-0400,172.05200000000002,172.023,100,7499.9998
11.04.2018 09:36:15.392 GMT-0400,172.062,172.023,10300.0002,7499.9998
11.04.2018 09:36:15.493 GMT-0400,172.062,172.03799999999998,10300.0002,150
11.04.2018 09:36:15.616 GMT-0400,172.062,172.023,62,9999.9998
11.04.2018 09:36:15.666 GMT-0400,172.08200000000002,172.06799999999998,100,240
11.04.2018 09:36:15.749 GMT-0400,172.072,172.048,100,7499.9998
11.04.2018 09:36:15.801 GMT-0400,172.072,172.03799999999998,100,75
11.04.2018 09:36:16.089 GMT-0400,172.072,172.048,100,150
11.04.2018 09:36:16.216 GMT-0400,172.08200000000002,172.048,100,150
11.04.2018 09:36:16.267 GMT-0400,172.073,172.047,1,150
11.04.2018 09:36:16.472 GMT-0400,172.1,172.06799999999998,62,7499.9998
11.04.2018 09:36:16.547 GMT-0400,172.083,172.06799999999998,100,7499.9998
11.04.2018 09:36:16.741 GMT-0400,172.08200000000002,172.058,100,150
11.04.2018 09:36:16.791 GMT-0400,172.072,172.058,100,150
11.04.2018 09:36:17.048 GMT-0400,172.093,172.078,62,75
11.04.2018 09:36:17.210 GMT-0400,172.103,172.067,100,150
11.04.2018 09:36:17.261 GMT-0400,172.102,172.078,100,75
11.04.2018 09:36:17.452 GMT-0400,172.102,172.06799999999998,100,150
11.04.2018 09:36:17.832 GMT-0400,172.083,172.058,100,7499.9998
11.04.2018 09:36:18.155 GMT-0400,172.083,172.067,100,75
11.04.2018 09:36:18.205 GMT-0400,172.08200000000002,172.058,100,75
11.04.2018 09:36:18.314 GMT-0400,172.073,172.05700000000002,100,75
11.04.2018 09:36:18.364 GMT-0400,172.08200000000002,172.058,100,75
11.04.2018 09:36:18.716 GMT-0400,172.073,172.05700000000002,100,75
11.04.2018 09:36:18.766 GMT-0400,172.083,172.047,10200.0004,150
11.04.2018 09:36:18.817 GMT-0400,172.073,172.047,100,75
11.04.2018 09:36:18.902 GMT-0400,172.072,172.03799999999998,100,370
11.04.2018 09:36:19.494 GMT-0400,172.053,172.037,100,370
11.04.2018 09:36:19.677 GMT-0400,172.073,172.047,100,220
11.04.2018 09:36:19.727 GMT-0400,172.072,172.058,100,75
11.04.2018 09:36:19.778 GMT-0400,172.072,172.048,100,75
11.04.2018 09:36:20.685 GMT-0400,172.073,172.047,100,150
11.04.2018 09:36:20.850 GMT-0400,172.08200000000002,172.048,10200.0004,150
11.04.2018 09:36:20.910 GMT-0400,172.073,172.047,100,150
11.04.2018 09:36:21.709 GMT-0400,172.063,172.047,100,75
11.04.2018 09:36:22.219 GMT-0400,172.063,172.037,100,370
11.04.2018 09:36:22.732 GMT-0400,172.083,172.05700000000002,100,220
11.04.2018 09:36:22.833 GMT-0400,172.08200000000002,172.048,100,75
11.04.2018 09:36:22.883 GMT-0400,172.08200000000002,172.05700000000002,62,75
11.04.2018 09:36:23.203 GMT-0400,172.101,172.078,62,370
11.04.2018 09:36:23.253 GMT-0400,172.12,172.078,62,370
11.04.2018 09:36:23.470 GMT-0400,172.12,172.09799999999998,62,150
11.04.2018 09:36:23.831 GMT-0400,172.153,172.107,10499.9999,37
11.04.2018 09:36:24.150 GMT-0400,172.153,172.118,62,520
11.04.2018 09:36:24.784 GMT-0400,172.153,172.11700000000002,100,530
11.04.2018 09:36:25.098 GMT-0400,172.14200000000002,172.118,100,530
11.04.2018 09:36:26.329 GMT-0400,172.15200000000002,172.128,100,7
11.04.2018 09:36:26.381 GMT-0400,172.173,172.137,100,76
11.04.2018 09:36:26.431 GMT-0400,172.183,172.14700000000002,100,75
11.04.2018 09:36:26.482 GMT-0400,172.19,172.14700000000002,62,150
11.04.2018 09:36:26.700 GMT-0400,172.19,172.118,62,9999.9998
11.04.2018 09:36:27.213 GMT-0400,172.19299999999998,172.157,100,380
11.04.2018 09:36:27.556 GMT-0400,172.16,172.118,62,520
11.04.2018 09:36:27.616 GMT-0400,172.16,172.127,62,75
11.04.2018 09:36:27.919 GMT-0400,172.183,172.14700000000002,100,75
11.04.2018 09:36:28.060 GMT-0400,172.192,172.158,100,75
11.04.2018 09:36:28.193 GMT-0400,172.203,172.157,100,10099.9996
11.04.2018 09:36:28.549 GMT-0400,172.20900000000003,172.157,62,10099.9996
11.04.2018 09:36:28.599 GMT-0400,172.192,172.158,100,75
11.04.2018 09:36:29.018 GMT-0400,172.18200000000002,172.138,100,450
11.04.2018 09:36:29.691 GMT-0400,172.183,172.14700000000002,100,150
11.04.2018 09:36:30.092 GMT-0400,172.18200000000002,172.158,100,150
11.04.2018 09:36:31.907 GMT-0400,172.173,172.137,100,75
11.04.2018 09:36:31.958 GMT-0400,172.162,172.137,100,7499.9998
11.04.2018 09:36:32.126 GMT-0400,172.172,172.137,100,7499.9998
11.04.2018 09:36:32.485 GMT-0400,172.18200000000002,172.138,100,300
11.04.2018 09:36:32.535 GMT-0400,172.172,172.138,100,300
11.04.2018 09:36:33.015 GMT-0400,172.16299999999998,172.11700000000002,100,520
11.04.2018 09:36:33.385 GMT-0400,172.172,172.118,100,520
11.04.2018 09:36:33.437 GMT-0400,172.162,172.118,100,520
11.04.2018 09:36:33.955 GMT-0400,172.133,172.107,100,70
11.04.2018 09:36:34.212 GMT-0400,172.103,172.06099999999998,100,7499.9998
11.04.2018 09:36:34.501 GMT-0400,172.092,172.06099999999998,100,7499.9998
11.04.2018 09:36:34.788 GMT-0400,172.083,172.048,100,7499.9998
11.04.2018 09:36:34.842 GMT-0400,172.092,172.048,100,7499.9998
11.04.2018 09:36:35.459 GMT-0400,172.093,172.048,10499.9999,7499.9998
11.04.2018 09:36:35.748 GMT-0400,172.11200000000002,172.048,100,600
11.04.2018 09:36:37.006 GMT-0400,172.102,172.048,100,150
11.04.2018 09:36:37.216 GMT-0400,172.113,172.047,100,150
11.04.2018 09:36:38.088 GMT-0400,172.11200000000002,172.048,100,220
11.04.2018 09:36:38.993 GMT-0400,172.103,172.047,100,300
11.04.2018 09:36:39.313 GMT-0400,172.073,172.037,100,19
11.04.2018 09:36:39.369 GMT-0400,172.083,172.037,100,19
11.04.2018 09:36:39.469 GMT-0400,172.092,172.03799999999998,10900.0001,19
11.04.2018 09:36:39.789 GMT-0400,172.08200000000002,172.03799999999998,5,19
11.04.2018 09:36:40.311 GMT-0400,172.063,172.037,5,320
11.04.2018 09:36:40.632 GMT-0400,172.079,172.037,62,94
11.04.2018 09:36:40.859 GMT-0400,172.079,172.06400000000002,62,37
11.04.2018 09:36:40.991 GMT-0400,172.093,172.067,100,37
11.04.2018 09:36:41.180 GMT-0400,172.109,172.077,62,150
11.04.2018 09:36:41.294 GMT-0400,172.109,172.08700000000002,62,150
11.04.2018 09:36:41.345 GMT-0400,172.123,172.08700000000002,100,150
11.04.2018 09:36:41.446 GMT-0400,172.11200000000002,172.06799999999998,100,10099.9996
11.04.2018 09:36:41.582 GMT-0400,172.122,172.06799999999998,100,10099.9996
11.04.2018 09:36:41.999 GMT-0400,172.11200000000002,172.06799999999998,100,7499.9998
11.04.2018 09:36:42.242 GMT-0400,172.123,172.077,100,150
11.04.2018 09:36:42.824 GMT-0400,172.122,172.078,100,75
11.04.2018 09:36:42.878 GMT-0400,172.11200000000002,172.078,100,75
11.04.2018 09:36:43.449 GMT-0400,172.122,172.078,100,75
11.04.2018 09:36:44.067 GMT-0400,172.123,172.077,100,450
11.04.2018 09:36:45.112 GMT-0400,172.122,172.078,100,450
11.04.2018 09:36:45.162 GMT-0400,172.123,172.08700000000002,100,150
11.04.2018 09:36:45.676 GMT-0400,172.14000000000001,172.108,62,76
11.04.2018 09:36:46.194 GMT-0400,172.14000000000001,172.107,62,2
11.04.2018 09:36:46.468 GMT-0400,172.148,172.108,62,2
11.04.2018 09:36:47.218 GMT-0400,172.148,172.118,62,160
11.04.2018 09:36:47.269 GMT-0400,172.148,172.107,62,150
11.04.2018 09:36:47.490 GMT-0400,172.16299999999998,172.107,100,150
11.04.2018 09:36:48.268 GMT-0400,172.16299999999998,172.127,13,7499.9998
11.04.2018 09:36:48.322 GMT-0400,172.191,172.127,62,9999.9998
11.04.2018 09:36:48.383 GMT-0400,172.191,172.157,62,76
11.04.2018 09:36:49.021 GMT-0400,172.192,172.158,100,150
11.04.2018 09:36:50.131 GMT-0400,172.19299999999998,172.157,100,300
11.04.2018 09:36:50.657 GMT-0400,172.213,172.17700000000002,100,150
11.04.2018 09:36:50.819 GMT-0400,172.213,172.167,100,10700.0005
11.04.2018 09:36:51.354 GMT-0400,172.21200000000002,172.168,100,7
11.04.2018 09:36:52.110 GMT-0400,172.213,172.158,100,7499.9998
11.04.2018 09:36:52.567 GMT-0400,172.21200000000002,172.168,100,170
11.04.2018 09:36:53.015 GMT-0400,172.203,172.167,100,91
11.04.2018 09:36:53.640 GMT-0400,172.202,172.188,100,150
11.04.2018 09:36:53.749 GMT-0400,172.19299999999998,172.157,100,220
11.04.2018 09:36:54.049 GMT-0400,172.202,172.158,100,220
11.04.2018 09:36:54.124 GMT-0400,172.172,172.148,100,7499.9998
11.04.2018 09:36:54.174 GMT-0400,172.183,172.137,100,85
11.04.2018 09:36:54.379 GMT-0400,172.172,172.138,10,85
11.04.2018 09:36:54.854 GMT-0400,172.18200000000002,172.148,100,7499.9998
11.04.2018 09:36:55.381 GMT-0400,172.18200000000002,172.138,100,150
11.04.2018 09:36:55.989 GMT-0400,172.19299999999998,172.137,100,220
11.04.2018 09:36:56.633 GMT-0400,172.19299999999998,172.14700000000002,100,83
11.04.2018 09:36:56.958 GMT-0400,172.172,172.148,100,8
11.04.2018 09:36:57.811 GMT-0400,172.203,172.17700000000002,100,7499.9998
11.04.2018 09:36:58.104 GMT-0400,172.203,172.167,100,450
11.04.2018 09:36:58.154 GMT-0400,172.21200000000002,172.178,100,10499.9999
11.04.2018 09:36:58.307 GMT-0400,172.233,172.19,100,7499.9998
11.04.2018 09:36:59.221 GMT-0400,172.233,172.17700000000002,100,150
11.04.2018 09:36:59.557 GMT-0400,172.233,172.197,100,150
11.04.2018 09:37:00.154 GMT-0400,172.233,172.20700000000002,100,150
11.04.2018 09:37:00.237 GMT-0400,172.232,172.198,100,450
11.04.2018 09:37:00.408 GMT-0400,172.232,172.208,100,75
11.04.2018 09:37:00.615 GMT-0400,172.22299999999998,172.197,10,460
11.04.2018 09:37:00.670 GMT-0400,172.232,172.198,100,460
11.04.2018 09:37:00.868 GMT-0400,172.24200000000002,172.218,100,75
11.04.2018 09:37:01.011 GMT-0400,172.243,172.21099999999998,100,7499.9998
11.04.2018 09:37:01.363 GMT-0400,172.222,172.198,100,460
11.04.2018 09:37:01.414 GMT-0400,172.232,172.198,100,460
11.04.2018 09:37:01.711 GMT-0400,172.222,172.198,62,460
11.04.2018 09:37:01.762 GMT-0400,172.21200000000002,172.172,100,7499.9998
11.04.2018 09:37:01.865 GMT-0400,172.222,172.172,62,7499.9998
11.04.2018 09:37:02.075 GMT-0400,172.222,172.187,62,670
11.04.2018 09:37:02.487 GMT-0400,172.222,172.198,62,150
11.04.2018 09:37:02.726 GMT-0400,172.232,172.198,100,150
11.04.2018 09:37:02.945 GMT-0400,172.24099999999999,172.198,62,150
11.04.2018 09:37:03.401 GMT-0400,172.24099999999999,172.208,62,820
11.04.2018 09:37:03.639 GMT-0400,172.24099999999999,172.198,62,370
11.04.2018 09:37:03.778 GMT-0400,172.24200000000002,172.208,100,75
11.04.2018 09:37:04.614 GMT-0400,172.253,172.235,51,75
11.04.2018 09:37:04.664 GMT-0400,172.252,172.228,100,750
11.04.2018 09:37:05.081 GMT-0400,172.27200000000002,172.247,62,150
11.04.2018 09:37:05.297 GMT-0400,172.292,172.258,100,520
11.04.2018 09:37:05.397 GMT-0400,172.30200000000002,172.268,100,75
11.04.2018 09:37:06.552 GMT-0400,172.303,172.26700000000002,70,220
11.04.2018 09:37:07.297 GMT-0400,172.30200000000002,172.268,70,220
11.04.2018 09:37:08.092 GMT-0400,172.303,172.27700000000002,70,300
11.04.2018 09:37:08.636 GMT-0400,172.30200000000002,172.278,70,370
11.04.2018 09:37:09.256 GMT-0400,172.303,172.27700000000002,100,300
11.04.2018 09:37:09.307 GMT-0400,172.323,172.28799999999998,100,7499.9998
11.04.2018 09:37:09.359 GMT-0400,172.30200000000002,172.278,100,370
11.04.2018 09:37:09.409 GMT-0400,172.312,172.278,100,290
11.04.2018 09:37:09.668 GMT-0400,172.303,172.27700000000002,100,240
11.04.2018 09:37:10.226 GMT-0400,172.292,172.268,100,520
11.04.2018 09:37:10.456 GMT-0400,172.262,172.228,100,1050
11.04.2018 09:37:10.544 GMT-0400,172.262,172.238,100,75
11.04.2018 09:37:10.879 GMT-0400,172.283,172.258,62,75
11.04.2018 09:37:10.986 GMT-0400,172.283,172.248,62,75
11.04.2018 09:37:11.210 GMT-0400,172.283,172.257,10200.0004,150
11.04.2018 09:37:11.621 GMT-0400,172.292,172.258,100,75
11.04.2018 09:37:12.144 GMT-0400,172.293,172.257,100,75
11.04.2018 09:37:12.314 GMT-0400,172.27200000000002,172.258,100,75
11.04.2018 09:37:12.365 GMT-0400,172.283,172.257,62,75
11.04.2018 09:37:12.571 GMT-0400,172.27200000000002,172.238,100,450
11.04.2018 09:37:13.094 GMT-0400,172.28,172.248,62,7499.9998
11.04.2018 09:37:13.530 GMT-0400,172.28,172.258,62,150
11.04.2018 09:37:13.631 GMT-0400,172.293,172.257,100,7499.9998
11.04.2018 09:37:13.707 GMT-0400,172.27200000000002,172.257,100,7499.9998
11.04.2018 09:37:13.757 GMT-0400,172.273,172.23700000000002,100,300
11.04.2018 09:37:14.070 GMT-0400,172.273,172.247,100,670
11.04.2018 09:37:14.660 GMT-0400,172.262,172.248,100,750
11.04.2018 09:37:14.893 GMT-0400,172.293,172.257,100,520
11.04.2018 09:37:15.610 GMT-0400,172.292,172.258,100,520
11.04.2018 09:37:16.011 GMT-0400,172.30200000000002,172.268,100,7
11.04.2018 09:37:16.062 GMT-0400,172.303,172.257,100,520
11.04.2018 09:37:16.112 GMT-0400,172.303,172.27700000000002,100,220
11.04.2018 09:37:16.519 GMT-0400,172.30200000000002,172.28799999999998,100,75
11.04.2018 09:37:16.569 GMT-0400,172.322,172.298,100,75
11.04.2018 09:37:16.903 GMT-0400,172.322,172.308,100,75
11.04.2018 09:37:16.954 GMT-0400,172.323,172.297,100,75
11.04.2018 09:37:17.091 GMT-0400,172.323,172.30700000000002,100,75
11.04.2018 09:37:17.698 GMT-0400,172.312,172.298,25,520
11.04.2018 09:37:17.749 GMT-0400,172.322,172.298,100,520
11.04.2018 09:37:19.393 GMT-0400,172.323,172.30700000000002,100,75
11.04.2018 09:37:19.715 GMT-0400,172.31900000000002,172.287,62,150
11.04.2018 09:37:20.089 GMT-0400,172.31900000000002,172.297,62,220
11.04.2018 09:37:21.134 GMT-0400,172.322,172.298,100,580
11.04.2018 09:37:22.063 GMT-0400,172.303,172.28799999999998,100,220
11.04.2018 09:37:22.114 GMT-0400,172.313,172.287,62,220
11.04.2018 09:37:22.880 GMT-0400,172.313,172.28799999999998,62,300
11.04.2018 09:37:23.084 GMT-0400,172.323,172.287,100,220
11.04.2018 09:37:23.135 GMT-0400,172.322,172.298,100,520
11.04.2018 09:37:23.979 GMT-0400,172.322,172.308,100,7499.9998
11.04.2018 09:37:24.029 GMT-0400,172.342,172.308,100,7499.9998
11.04.2018 09:37:24.428 GMT-0400,172.33200000000002,172.308,100,10200.0004
11.04.2018 09:37:25.027 GMT-0400,172.333,172.30700000000002,100,75
11.04.2018 09:37:25.133 GMT-0400,172.33200000000002,172.298,100,520
11.04.2018 09:37:25.453 GMT-0400,172.322,172.298,10,520
11.04.2018 09:37:25.504 GMT-0400,172.333,172.297,100,12699.9998
11.04.2018 09:37:25.800 GMT-0400,172.323,172.297,100,12699.9998
11.04.2018 09:37:26.110 GMT-0400,172.321,172.287,62,10300.0002
11.04.2018 09:37:26.340 GMT-0400,172.321,172.297,62,75
11.04.2018 09:37:26.962 GMT-0400,172.321,172.298,62,150
11.04.2018 09:37:27.012 GMT-0400,172.313,172.287,100,10400
11.04.2018 09:37:27.063 GMT-0400,172.321,172.287,62,10300.0002
11.04.2018 09:37:27.325 GMT-0400,172.293,172.278,100,200
11.04.2018 09:37:27.375 GMT-0400,172.312,172.278,10800.0003,200
11.04.2018 09:37:27.566 GMT-0400,172.312,172.287,62,150
11.04.2018 09:37:28.039 GMT-0400,172.313,172.297,2,75
11.04.2018 09:37:28.723 GMT-0400,172.30400000000003,172.293,100,7499.9998
11.04.2018 09:37:28.779 GMT-0400,172.303,172.278,62,880
11.04.2018 09:37:29.300 GMT-0400,172.303,172.27700000000002,62,880
11.04.2018 09:37:29.474 GMT-0400,172.313,172.287,52,75
11.04.2018 09:37:29.693 GMT-0400,172.312,172.278,100,880
11.04.2018 09:37:29.875 GMT-0400,172.30200000000002,172.26700000000002,62,220
11.04.2018 09:37:29.926 GMT-0400,172.293,172.269,2,7499.9998
11.04.2018 09:37:30.624 GMT-0400,172.273,172.257,100,150
11.04.2018 09:37:31.166 GMT-0400,172.27200000000002,172.258,100,150
11.04.2018 09:37:32.107 GMT-0400,172.293,172.257,100,7499.9998
11.04.2018 09:37:32.503 GMT-0400,172.293,172.26700000000002,100,150
11.04.2018 09:37:33.049 GMT-0400,172.283,172.268,100,7499.9998
11.04.2018 09:37:33.103 GMT-0400,172.292,172.247,62,770
11.04.2018 09:37:33.507 GMT-0400,172.292,172.257,62,75
11.04.2018 09:37:33.665 GMT-0400,172.303,172.26700000000002,100,75
11.04.2018 09:37:33.961 GMT-0400,172.273,172.227,100,23
11.04.2018 09:37:34.599 GMT-0400,172.273,172.222,100,7499.9998
11.04.2018 09:37:34.892 GMT-0400,172.27200000000002,172.228,100,75
11.04.2018 09:37:35.947 GMT-0400,172.252,172.228,100,220
11.04.2018 09:37:36.420 GMT-0400,172.24200000000002,172.218,100,75
11.04.2018 09:37:36.470 GMT-0400,172.252,172.208,100,220
11.04.2018 09:37:37.071 GMT-0400,172.253,172.20700000000002,100,64
11.04.2018 09:37:38.453 GMT-0400,172.252,172.208,100,10099.9996
11.04.2018 09:37:38.504 GMT-0400,172.253,172.227,100,76
11.04.2018 09:37:39.749 GMT-0400,172.252,172.208,100,9999.9998
11.04.2018 09:37:40.235 GMT-0400,172.22299999999998,172.197,100,37
11.04.2018 09:37:40.375 GMT-0400,172.232,172.197,62,37
11.04.2018 09:37:41.010 GMT-0400,172.232,172.198,100,37
11.04.2018 09:37:41.452 GMT-0400,172.22299999999998,172.197,100,37
11.04.2018 09:37:41.503 GMT-0400,172.21200000000002,172.178,100,75
11.04.2018 09:37:42.308 GMT-0400,172.213,172.17700000000002,100,10099.9996
11.04.2018 09:37:42.867 GMT-0400,172.21200000000002,172.188,100,75
11.04.2018 09:37:43.274 GMT-0400,172.22299999999998,172.205,62,150
11.04.2018 09:37:43.327 GMT-0400,172.222,172.187,100,9999.9998
11.04.2018 09:37:43.576 GMT-0400,172.252,172.227,100,9999.9998
11.04.2018 09:37:43.999 GMT-0400,172.263,172.227,100,9999.9998
11.04.2018 09:37:44.272 GMT-0400,172.28099999999998,172.247,62,150
11.04.2018 09:37:44.738 GMT-0400,172.273,172.247,5,150
11.04.2018 09:37:45.254 GMT-0400,172.27200000000002,172.248,5,140
11.04.2018 09:37:45.378 GMT-0400,172.293,172.26700000000002,10300.0002,75
11.04.2018 09:37:45.552 GMT-0400,172.293,172.257,100,150
11.04.2018 09:37:46.090 GMT-0400,172.282,172.258,100,300
11.04.2018 09:37:46.315 GMT-0400,172.292,172.258,100,300
11.04.2018 09:37:46.467 GMT-0400,172.303,172.257,10700.0005,520
11.04.2018 09:37:46.725 GMT-0400,172.283,172.257,100,520
11.04.2018 09:37:47.685 GMT-0400,172.292,172.258,100,520
11.04.2018 09:37:48.063 GMT-0400,172.282,172.258,100,670
11.04.2018 09:37:49.274 GMT-0400,172.283,172.257,1,450
11.04.2018 09:37:49.611 GMT-0400,172.292,172.268,100,9999.9998
11.04.2018 09:37:50.075 GMT-0400,172.30200000000002,172.278,47,83
11.04.2018 09:37:50.126 GMT-0400,172.322,172.298,100,190
11.04.2018 09:37:50.695 GMT-0400,172.323,172.297,100,420
11.04.2018 09:37:51.156 GMT-0400,172.323,172.30700000000002,100,75
11.04.2018 09:37:51.207 GMT-0400,172.322,172.298,100,410
11.04.2018 09:37:51.257 GMT-0400,172.323,172.30700000000002,100,75
11.04.2018 09:37:51.308 GMT-0400,172.322,172.298,100,410
11.04.2018 09:37:51.385 GMT-0400,172.323,172.30700000000002,100,75
11.04.2018 09:37:52.105 GMT-0400,172.322,172.308,100,75
11.04.2018 09:37:52.640 GMT-0400,172.323,172.30700000000002,100,150
11.04.2018 09:37:52.691 GMT-0400,172.342,172.30700000000002,62,150
11.04.2018 09:37:52.741 GMT-0400,172.333,172.30700000000002,100,150
11.04.2018 09:37:53.721 GMT-0400,172.342,172.31799999999998,100,75
11.04.2018 09:37:54.392 GMT-0400,172.333,172.317,100,75
11.04.2018 09:37:54.443 GMT-0400,172.33200000000002,172.308,1,380
11.04.2018 09:37:55.202 GMT-0400,172.352,172.328,62,75
11.04.2018 09:37:55.253 GMT-0400,172.363,172.327,100,75
11.04.2018 09:37:56.047 GMT-0400,172.353,172.327,100,150
11.04.2018 09:37:57.022 GMT-0400,172.342,172.328,100,450
11.04.2018 09:37:57.292 GMT-0400,172.372,172.34799999999998,100,300
11.04.2018 09:37:58.056 GMT-0400,172.373,172.347,100,75
11.04.2018 09:37:58.145 GMT-0400,172.353,172.33700000000002,100,75
11.04.2018 09:37:58.236 GMT-0400,172.372,172.338,100,75
11.04.2018 09:37:58.915 GMT-0400,172.373,172.33700000000002,10400,75
11.04.2018 09:37:59.272 GMT-0400,172.373,172.347,100,7499.9998
11.04.2018 09:37:59.942 GMT-0400,172.393,172.36700000000002,100,220
11.04.2018 09:38:00.285 GMT-0400,172.36200000000002,172.338,62,75
11.04.2018 09:38:00.622 GMT-0400,172.383,172.357,100,75
11.04.2018 09:38:01.107 GMT-0400,172.373,172.357,62,76
11.04.2018 09:38:01.165 GMT-0400,172.363,172.327,100,670
11.04.2018 09:38:01.782 GMT-0400,172.363,172.33900000000003,100,7499.9998
11.04.2018 09:38:01.949 GMT-0400,172.373,172.347,100,75
11.04.2018 09:38:02.457 GMT-0400,172.372,172.34799999999998,100,370
11.04.2018 09:38:03.566 GMT-0400,172.373,172.347,100,450
11.04.2018 09:38:04.248 GMT-0400,172.372,172.34799999999998,100,300
11.04.2018 09:38:04.861 GMT-0400,172.373,172.347,100,300
11.04.2018 09:38:04.912 GMT-0400,172.373,172.357,100,75
11.04.2018 09:38:05.125 GMT-0400,172.393,172.357,10599.9997,370
11.04.2018 09:38:06.123 GMT-0400,172.39200000000002,172.378,100,75
11.04.2018 09:38:08.889 GMT-0400,172.393,172.377,100,75
11.04.2018 09:38:08.940 GMT-0400,172.41299999999998,172.377,10400,75
11.04.2018 09:38:09.636 GMT-0400,172.412,172.378,100,150
11.04.2018 09:38:10.093 GMT-0400,172.40200000000002,172.378,62,75
11.04.2018 09:38:10.794 GMT-0400,172.39200000000002,172.378,62,150
11.04.2018 09:38:11.053 GMT-0400,172.40200000000002,172.378,100,220
11.04.2018 09:38:11.104 GMT-0400,172.403,172.387,100,75
11.04.2018 09:38:11.300 GMT-0400,172.403,172.377,100,220
11.04.2018 09:38:11.428 GMT-0400,172.393,172.377,100,220
11.04.2018 09:38:11.478 GMT-0400,172.40200000000002,172.377,62,220
11.04.2018 09:38:12.003 GMT-0400,172.40200000000002,172.378,10099.9996,300
11.04.2018 09:38:12.770 GMT-0400,172.412,172.388,100,7
11.04.2018 09:38:12.821 GMT-0400,172.41299999999998,172.378,62,750
11.04.2018 09:38:12.969 GMT-0400,172.44299999999998,172.39700000000002,100,300
11.04.2018 09:38:13.210 GMT-0400,172.433,172.39700000000002,100,150
11.04.2018 09:38:13.385 GMT-0400,172.44299999999998,172.39700000000002,100,150
11.04.2018 09:38:13.436 GMT-0400,172.433,172.39700000000002,100,75
11.04.2018 09:38:13.739 GMT-0400,172.438,172.408,62,300
11.04.2018 09:38:14.739 GMT-0400,172.43,172.408,62,300
11.04.2018 09:38:15.148 GMT-0400,172.40200000000002,172.378,100,220
11.04.2018 09:38:15.199 GMT-0400,172.412,172.378,100,520
11.04.2018 09:38:16.089 GMT-0400,172.41299999999998,172.377,100,300
11.04.2018 09:38:16.608 GMT-0400,172.41299999999998,172.38,100,7499.9998
11.04.2018 09:38:17.134 GMT-0400,172.412,172.388,100,300
11.04.2018 09:38:17.443 GMT-0400,172.382,172.358,100,2320
11.04.2018 09:38:19.029 GMT-0400,172.373,172.357,100,1900
11.04.2018 09:38:19.504 GMT-0400,172.382,172.358,100,220
11.04.2018 09:38:19.555 GMT-0400,172.373,172.34799999999998,62,190
11.04.2018 09:38:19.890 GMT-0400,172.373,172.33900000000003,10400,7499.9998
11.04.2018 09:38:20.101 GMT-0400,172.373,172.34799999999998,62,75
11.04.2018 09:38:20.155 GMT-0400,172.372,172.33900000000003,100,7499.9998
11.04.2018 09:38:20.463 GMT-0400,172.39200000000002,172.328,100,340
11.04.2018 09:38:20.854 GMT-0400,172.383,172.347,100,75
11.04.2018 09:38:21.078 GMT-0400,172.39200000000002,172.34799999999998,100,75
11.04.2018 09:38:21.607 GMT-0400,172.372,172.34799999999998,100,150
11.04.2018 09:38:21.834 GMT-0400,172.39200000000002,172.34799999999998,100,150
11.04.2018 09:38:22.427 GMT-0400,172.39900000000003,172.347,62,150
11.04.2018 09:38:22.589 GMT-0400,172.373,172.347,100,150
11.04.2018 09:38:23.106 GMT-0400,172.372,172.34799999999998,100,220
11.04.2018 09:38:23.411 GMT-0400,172.393,172.36700000000002,10800.0003,75
11.04.2018 09:38:23.651 GMT-0400,172.39200000000002,172.358,100,7499.9998
11.04.2018 09:38:23.890 GMT-0400,172.372,172.34799999999998,100,220
11.04.2018 09:38:24.395 GMT-0400,172.373,172.357,100,220
11.04.2018 09:38:25.310 GMT-0400,172.39200000000002,172.357,62,310
11.04.2018 09:38:25.361 GMT-0400,172.382,172.358,100,220
11.04.2018 09:38:25.571 GMT-0400,172.39200000000002,172.36700000000002,62,75
11.04.2018 09:38:25.866 GMT-0400,172.403,172.36700000000002,100,75
11.04.2018 09:38:26.025 GMT-0400,172.42000000000002,172.377,62,520
11.04.2018 09:38:26.104 GMT-0400,172.39200000000002,172.377,62,220
11.04.2018 09:38:26.155 GMT-0400,172.40200000000002,172.37099999999998,100,7499.9998
11.04.2018 09:38:26.456 GMT-0400,172.383,172.357,100,150
11.04.2018 09:38:26.508 GMT-0400,172.39000000000001,172.358,62,150
11.04.2018 09:38:26.558 GMT-0400,172.39000000000001,172.368,62,75
11.04.2018 09:38:26.609 GMT-0400,172.383,172.357,100,150
11.04.2018 09:38:27.396 GMT-0400,172.382,172.368,100,75
11.04.2018 09:38:27.497 GMT-0400,172.373,172.357,100,150
11.04.2018 09:38:27.548 GMT-0400,172.372,172.34799999999998,100,970
11.04.2018 09:38:27.636 GMT-0400,172.36200000000002,172.338,100,7499.9998
11.04.2018 09:38:27.958 GMT-0400,172.33200000000002,172.308,100,230
11.04.2018 09:38:28.694 GMT-0400,172.323,172.30700000000002,1,220
11.04.2018 09:38:29.101 GMT-0400,172.323,172.287,1,150
11.04.2018 09:38:29.339 GMT-0400,172.313,172.27700000000002,100,300
11.04.2018 09:38:30.103 GMT-0400,172.312,172.278,100,300
11.04.2018 09:38:30.592 GMT-0400,172.313,172.26700000000002,100,820
11.04.2018 09:38:31.009 GMT-0400,172.323,172.297,1,8
11.04.2018 09:38:31.468 GMT-0400,172.322,172.283,1,7499.9998
11.04.2018 09:38:31.991 GMT-0400,172.322,172.278,1,370
11.04.2018 09:38:32.197 GMT-0400,172.322,172.298,1,150
11.04.2018 09:38:32.935 GMT-0400,172.313,172.27700000000002,10,370
11.04.2018 09:38:33.035 GMT-0400,172.322,172.268,10499.9999,300
11.04.2018 09:38:33.136 GMT-0400,172.303,172.257,100,600
11.04.2018 09:38:33.544 GMT-0400,172.303,172.26700000000002,100,600
11.04.2018 09:38:33.886 GMT-0400,172.30200000000002,172.258,100,300
11.04.2018 09:38:34.959 GMT-0400,172.303,172.257,100,250
