Local time,Ask,Bid,AskVolume,BidVolume
13.04.2018 09:30:00.548 GMT-0400,174.923,174.86700000000002,65,9
13.04.2018 09:30:00.599 GMT-0400,174.922,174.84799999999998,65,40
13.04.2018 09:30:00.650 GMT-0400,174.903,174.817,100,60
13.04.2018 09:30:00.962 GMT-0400,174.912,174.81799999999998,100,60
13.04.2018 09:30:01.013 GMT-0400,174.91299999999998,174.83700000000002,100,110
13.04.2018 09:30:01.165 GMT-0400,174.89200000000002,174.798,100,100
13.04.2018 09:30:01.490 GMT-0400,174.842,174.81799999999998,100,110
13.04.2018 09:30:01.541 GMT-0400,174.89200000000002,174.798,100,2009.9999
13.04.2018 09:30:01.890 GMT-0400,174.93200000000002,174.858,290,9
13.04.2018 09:30:01.941 GMT-0400,174.933,174.847,200,110
13.04.2018 09:30:03.758 GMT-0400,174.863,174.808,63,7499.9998
13.04.2018 09:30:04.260 GMT-0400,174.912,174.822,63,7499.9998
13.04.2018 09:30:04.521 GMT-0400,174.853,174.798,63,2120.0001
13.04.2018 09:30:05.028 GMT-0400,174.947,174.868,63,1
13.04.2018 09:30:05.552 GMT-0400,174.952,174.868,5,76
13.04.2018 09:30:06.169 GMT-0400,174.953,174.86700000000002,5,76
13.04.2018 09:30:06.521 GMT-0400,174.93200000000002,174.878,110,7499.9998
13.04.2018 09:30:07.085 GMT-0400,174.933,174.878,110,7499.9998
13.04.2018 09:30:07.303 GMT-0400,174.93200000000002,174.868,100,78
13.04.2018 09:30:07.943 GMT-0400,174.933,174.86700000000002,100,300
13.04.2018 09:30:09.314 GMT-0400,174.94299999999998,174.89700000000002,63,7
13.04.2018 09:30:09.390 GMT-0400,174.953,174.89700000000002,5,7
13.04.2018 09:30:09.444 GMT-0400,174.953,174.86700000000002,5,230
13.04.2018 09:30:10.131 GMT-0400,174.952,174.868,5,230
13.04.2018 09:30:10.415 GMT-0400,174.953,174.877,5,220
13.04.2018 09:30:10.808 GMT-0400,174.942,174.92700000000002,110,7499.9998
13.04.2018 09:30:11.490 GMT-0400,174.94299999999998,174.877,110,380
13.04.2018 09:30:11.608 GMT-0400,174.953,174.928,63,75
13.04.2018 09:30:11.658 GMT-0400,174.993,174.937,95,150
13.04.2018 09:30:11.769 GMT-0400,175.002,174.958,129999.9952,82
13.04.2018 09:30:11.820 GMT-0400,175.002,174.938,129999.9952,220
13.04.2018 09:30:12.502 GMT-0400,174.99200000000002,174.938,110,270
13.04.2018 09:30:12.823 GMT-0400,175.002,174.968,110,37
13.04.2018 09:30:13.587 GMT-0400,174.993,174.947,110,7499.9998
13.04.2018 09:30:13.835 GMT-0400,175.003,174.928,110,7499.9998
13.04.2018 09:30:13.885 GMT-0400,174.99200000000002,174.928,110,7499.9998
13.04.2018 09:30:14.251 GMT-0400,175.002,174.928,129999.9952,82
13.04.2018 09:30:14.583 GMT-0400,174.993,174.967,110,7499.9998
13.04.2018 09:30:16.224 GMT-0400,174.993,174.89700000000002,100,75
13.04.2018 09:30:16.541 GMT-0400,174.982,174.898,110,150
13.04.2018 09:30:17.308 GMT-0400,174.983,174.89700000000002,110,150
13.04.2018 09:30:18.059 GMT-0400,174.982,174.908,110,670
13.04.2018 09:30:18.701 GMT-0400,174.983,174.907,110,670
13.04.2018 09:30:19.135 GMT-0400,174.97299999999998,174.917,110,75
13.04.2018 09:30:19.469 GMT-0400,174.952,174.908,110,570
13.04.2018 09:30:19.519 GMT-0400,174.953,174.89000000000001,100,7499.9998
13.04.2018 09:30:19.777 GMT-0400,174.97299999999998,174.917,63,160
13.04.2018 09:30:20.553 GMT-0400,174.982,174.918,110,1
13.04.2018 09:30:21.272 GMT-0400,174.983,174.917,110,1
13.04.2018 09:30:21.524 GMT-0400,174.983,174.937,110,75
13.04.2018 09:30:22.116 GMT-0400,174.982,174.938,110,150
13.04.2018 09:30:23.519 GMT-0400,174.983,174.937,110,300
13.04.2018 09:30:23.834 GMT-0400,175.002,174.968,110,150
13.04.2018 09:30:24.144 GMT-0400,174.993,174.95700000000002,110,150
13.04.2018 09:30:24.547 GMT-0400,174.983,174.948,110,7499.9998
13.04.2018 09:30:24.688 GMT-0400,174.99200000000002,174.948,110,7499.9998
13.04.2018 09:30:24.832 GMT-0400,174.99200000000002,174.938,110,380
13.04.2018 09:30:25.247 GMT-0400,174.993,174.947,110,150
13.04.2018 09:30:25.758 GMT-0400,174.993,174.948,110,7499.9998
13.04.2018 09:30:26.535 GMT-0400,174.993,174.937,110,380
13.04.2018 09:30:27.139 GMT-0400,174.99200000000002,174.938,110,450
13.04.2018 09:30:27.293 GMT-0400,174.99200000000002,174.92700000000002,110,9999.9998
13.04.2018 09:30:27.857 GMT-0400,174.993,174.95700000000002,110,76
13.04.2018 09:30:28.548 GMT-0400,174.99200000000002,174.937,110,9999.9998
13.04.2018 09:30:29.213 GMT-0400,174.993,174.95700000000002,10499.9999,76
13.04.2018 09:30:29.516 GMT-0400,174.993,174.968,63,160
13.04.2018 09:30:29.689 GMT-0400,175.003,174.967,110,75
13.04.2018 09:30:29.938 GMT-0400,175.003,174.977,110,150
13.04.2018 09:30:30.138 GMT-0400,175.002,174.968,110,75
13.04.2018 09:30:30.189 GMT-0400,174.982,174.96200000000002,20,7499.9998
13.04.2018 09:30:30.343 GMT-0400,174.99200000000002,174.967,110,7499.9998
13.04.2018 09:30:30.877 GMT-0400,174.99200000000002,174.968,110,7499.9998
13.04.2018 09:30:31.154 GMT-0400,174.99200000000002,174.948,110,220
13.04.2018 09:30:31.436 GMT-0400,174.97299999999998,174.938,10,7499.9998
13.04.2018 09:30:31.487 GMT-0400,174.99200000000002,174.938,110,10400
13.04.2018 09:30:31.874 GMT-0400,174.96200000000002,174.908,100,670
13.04.2018 09:30:32.196 GMT-0400,174.942,174.908,110,150
13.04.2018 09:30:32.424 GMT-0400,174.93200000000002,174.888,10,600
13.04.2018 09:30:32.474 GMT-0400,174.942,174.898,110,75
13.04.2018 09:30:32.937 GMT-0400,174.94299999999998,174.907,110,670
13.04.2018 09:30:33.522 GMT-0400,174.942,174.908,110,600
13.04.2018 09:30:34.331 GMT-0400,174.942,174.917,110,7499.9998
13.04.2018 09:30:34.432 GMT-0400,174.942,174.908,110,890
13.04.2018 09:30:34.923 GMT-0400,174.979,174.948,63,10700.0005
13.04.2018 09:30:35.228 GMT-0400,174.982,174.968,110,150
13.04.2018 09:30:35.805 GMT-0400,174.983,174.967,110,220
13.04.2018 09:30:35.986 GMT-0400,174.993,174.967,110,150
13.04.2018 09:30:36.299 GMT-0400,174.99900000000002,174.967,63,150
13.04.2018 09:30:36.450 GMT-0400,174.99900000000002,174.978,63,75
13.04.2018 09:30:36.981 GMT-0400,175.002,174.988,110,75
13.04.2018 09:30:37.088 GMT-0400,175.003,174.977,110,600
13.04.2018 09:30:37.138 GMT-0400,175.003,174.98700000000002,110,520
13.04.2018 09:30:37.741 GMT-0400,175.002,174.978,110,820
13.04.2018 09:30:38.068 GMT-0400,175.002,174.988,110,220
13.04.2018 09:30:38.618 GMT-0400,174.98700000000002,174.977,100,7499.9998
13.04.2018 09:30:38.668 GMT-0400,174.982,174.968,110,75
13.04.2018 09:30:38.894 GMT-0400,174.972,174.958,110,76
13.04.2018 09:30:39.097 GMT-0400,174.983,174.967,110,110
13.04.2018 09:30:39.148 GMT-0400,174.972,174.947,63,75
13.04.2018 09:30:39.337 GMT-0400,174.972,174.938,9999.9998,970
13.04.2018 09:30:39.387 GMT-0400,174.972,174.947,63,75
13.04.2018 09:30:39.888 GMT-0400,174.972,174.948,63,75
13.04.2018 09:30:40.115 GMT-0400,174.983,174.947,110,75
13.04.2018 09:30:40.350 GMT-0400,174.97299999999998,174.937,110,450
13.04.2018 09:30:40.978 GMT-0400,174.982,174.948,110,230
13.04.2018 09:30:41.308 GMT-0400,174.963,174.947,97,220
13.04.2018 09:30:41.666 GMT-0400,174.983,174.967,110,75
13.04.2018 09:30:42.179 GMT-0400,174.982,174.968,110,75
13.04.2018 09:30:42.230 GMT-0400,174.983,174.95700000000002,110,10400
13.04.2018 09:30:42.330 GMT-0400,174.99200000000002,174.978,110,75
13.04.2018 09:30:42.579 GMT-0400,174.993,174.967,110,75
13.04.2018 09:30:42.630 GMT-0400,174.993,174.977,110,75
13.04.2018 09:30:42.984 GMT-0400,174.993,174.967,110,75
13.04.2018 09:30:43.581 GMT-0400,174.99200000000002,174.968,110,75
13.04.2018 09:30:44.061 GMT-0400,174.982,174.958,100,390
13.04.2018 09:30:44.112 GMT-0400,174.983,174.967,110,75
13.04.2018 09:30:44.728 GMT-0400,175.003,174.977,110,75
13.04.2018 09:30:44.880 GMT-0400,174.993,174.967,110,75
13.04.2018 09:30:44.982 GMT-0400,175.002,174.968,110,150
13.04.2018 09:30:45.242 GMT-0400,174.982,174.95900000000003,110,7499.9998
13.04.2018 09:30:45.293 GMT-0400,174.993,174.947,110,9999.9998
13.04.2018 09:30:45.541 GMT-0400,174.983,174.95700000000002,110,240
13.04.2018 09:30:45.656 GMT-0400,174.993,174.95700000000002,110,240
13.04.2018 09:30:46.710 GMT-0400,174.99200000000002,174.958,110,250
13.04.2018 09:30:47.064 GMT-0400,174.983,174.958,63,280
13.04.2018 09:30:47.411 GMT-0400,174.972,174.958,100,280
13.04.2018 09:30:48.032 GMT-0400,174.972,174.947,110,7499.9998
13.04.2018 09:30:48.083 GMT-0400,174.97299999999998,174.937,110,450
13.04.2018 09:30:48.638 GMT-0400,174.972,174.938,110,450
13.04.2018 09:30:50.066 GMT-0400,174.972,174.947,110,7499.9998
13.04.2018 09:30:50.171 GMT-0400,175.002,174.958,110,450
13.04.2018 09:30:50.223 GMT-0400,175.002,174.948,110,10999.9999
13.04.2018 09:30:50.550 GMT-0400,175.002,174.948,110,9999.9998
13.04.2018 09:30:52.149 GMT-0400,175.003,174.95700000000002,110,76
13.04.2018 09:30:53.050 GMT-0400,174.972,174.958,110,1
13.04.2018 09:30:53.176 GMT-0400,174.963,174.947,110,490
13.04.2018 09:30:53.276 GMT-0400,174.972,174.948,110,490
13.04.2018 09:30:53.542 GMT-0400,174.972,174.958,110,75
13.04.2018 09:30:53.737 GMT-0400,174.972,174.948,110,350
13.04.2018 09:30:54.485 GMT-0400,174.97299999999998,174.947,110,390
13.04.2018 09:30:55.026 GMT-0400,174.972,174.948,110,460
13.04.2018 09:30:55.270 GMT-0400,174.983,174.95700000000002,63,7
13.04.2018 09:30:55.321 GMT-0400,174.983,174.947,63,500
13.04.2018 09:30:55.492 GMT-0400,174.993,174.947,110,500
13.04.2018 09:30:56.011 GMT-0400,174.99200000000002,174.948,110,130
13.04.2018 09:30:56.061 GMT-0400,174.982,174.948,110,75
13.04.2018 09:30:56.266 GMT-0400,174.993,174.951,110,7499.9998
13.04.2018 09:30:56.861 GMT-0400,174.99200000000002,174.951,110,7499.9998
13.04.2018 09:30:57.805 GMT-0400,174.99200000000002,174.948,110,150
13.04.2018 09:30:58.089 GMT-0400,174.96200000000002,174.948,110,300
13.04.2018 09:30:58.636 GMT-0400,174.963,174.947,110,450
13.04.2018 09:30:58.739 GMT-0400,174.982,174.958,10099.9996,75
13.04.2018 09:30:58.791 GMT-0400,174.982,174.947,63,450
13.04.2018 09:30:59.567 GMT-0400,174.982,174.948,10200.0004,380
13.04.2018 09:30:59.711 GMT-0400,174.982,174.937,110,9999.9998
13.04.2018 09:31:00.262 GMT-0400,174.983,174.95700000000002,110,340
13.04.2018 09:31:00.928 GMT-0400,174.982,174.958,110,330
13.04.2018 09:31:01.256 GMT-0400,174.963,174.947,110,270
13.04.2018 09:31:01.990 GMT-0400,174.96200000000002,174.948,110,230
13.04.2018 09:31:02.147 GMT-0400,174.953,174.937,100,600
13.04.2018 09:31:02.198 GMT-0400,174.953,174.92700000000002,110,900
13.04.2018 09:31:02.637 GMT-0400,174.94299999999998,174.92700000000002,110,480
13.04.2018 09:31:02.780 GMT-0400,174.94299999999998,174.917,110,670
13.04.2018 09:31:02.881 GMT-0400,174.952,174.918,110,1050
13.04.2018 09:31:03.399 GMT-0400,174.94299999999998,174.907,110,7499.9998
13.04.2018 09:31:03.787 GMT-0400,174.952,174.907,110,7499.9998
13.04.2018 09:31:03.888 GMT-0400,174.953,174.89700000000002,110,1429.9999
13.04.2018 09:31:04.650 GMT-0400,174.952,174.898,110,1130
13.04.2018 09:31:04.950 GMT-0400,174.933,174.89700000000002,110,1050
13.04.2018 09:31:05.273 GMT-0400,174.982,174.948,110,10
13.04.2018 09:31:05.535 GMT-0400,174.97299999999998,174.937,100,10099.9996
13.04.2018 09:31:06.192 GMT-0400,174.942,174.918,110,19
13.04.2018 09:31:06.244 GMT-0400,174.963,174.918,110,9999.9998
13.04.2018 09:31:06.894 GMT-0400,174.97299999999998,174.918,110,9999.9998
13.04.2018 09:31:06.945 GMT-0400,174.963,174.918,10,7499.9998
13.04.2018 09:31:07.061 GMT-0400,174.977,174.918,63,10700.0005
13.04.2018 09:31:07.174 GMT-0400,174.983,174.917,110,520
13.04.2018 09:31:07.521 GMT-0400,174.982,174.928,110,220
13.04.2018 09:31:07.982 GMT-0400,174.933,174.90099999999998,100,7499.9998
13.04.2018 09:31:08.317 GMT-0400,174.922,174.907,100,7499.9998
13.04.2018 09:31:09.113 GMT-0400,174.922,174.898,110,980
13.04.2018 09:31:09.877 GMT-0400,174.93200000000002,174.89700000000002,63,970
13.04.2018 09:31:09.978 GMT-0400,174.923,174.89700000000002,110,230
13.04.2018 09:31:10.180 GMT-0400,174.942,174.898,10300.0002,310
13.04.2018 09:31:10.776 GMT-0400,174.942,174.89700000000002,63,310
13.04.2018 09:31:10.943 GMT-0400,174.93200000000002,174.898,100,310
13.04.2018 09:31:11.244 GMT-0400,174.952,174.928,110,82
13.04.2018 09:31:11.295 GMT-0400,174.952,174.918,110,450
13.04.2018 09:31:11.828 GMT-0400,174.952,174.928,100,10499.9999
13.04.2018 09:31:11.879 GMT-0400,174.983,174.947,110,150
13.04.2018 09:31:12.219 GMT-0400,174.983,174.95700000000002,100,150
13.04.2018 09:31:12.320 GMT-0400,174.983,174.947,100,370
13.04.2018 09:31:12.529 GMT-0400,174.99099999999999,174.95700000000002,63,520
13.04.2018 09:31:12.876 GMT-0400,174.982,174.958,1,9999.9998
13.04.2018 09:31:13.027 GMT-0400,174.982,174.958,10099.9996,450
13.04.2018 09:31:13.077 GMT-0400,174.982,174.968,100,75
13.04.2018 09:31:13.388 GMT-0400,174.97299999999998,174.95700000000002,100,600
13.04.2018 09:31:13.439 GMT-0400,174.982,174.958,10099.9996,600
13.04.2018 09:31:13.885 GMT-0400,174.97299999999998,174.947,110,220
13.04.2018 09:31:13.936 GMT-0400,174.96200000000002,174.948,110,75
13.04.2018 09:31:14.036 GMT-0400,174.972,174.948,100,150
13.04.2018 09:31:14.226 GMT-0400,174.982,174.948,100,150
13.04.2018 09:31:14.768 GMT-0400,174.97299999999998,174.947,110,76
13.04.2018 09:31:15.295 GMT-0400,174.972,174.948,110,76
13.04.2018 09:31:15.842 GMT-0400,174.97299999999998,174.951,110,7499.9998
13.04.2018 09:31:16.173 GMT-0400,174.972,174.958,110,220
13.04.2018 09:31:16.824 GMT-0400,174.97299999999998,174.95700000000002,110,300
13.04.2018 09:31:17.480 GMT-0400,174.972,174.958,110,450
13.04.2018 09:31:18.042 GMT-0400,174.97299999999998,174.95700000000002,110,450
13.04.2018 09:31:18.556 GMT-0400,174.972,174.958,110,380
13.04.2018 09:31:19.133 GMT-0400,174.97299999999998,174.95700000000002,110,380
13.04.2018 09:31:19.886 GMT-0400,174.972,174.958,110,380
13.04.2018 09:31:20.589 GMT-0400,174.96200000000002,174.948,100,380
13.04.2018 09:31:20.696 GMT-0400,174.97299999999998,174.947,110,380
13.04.2018 09:31:21.098 GMT-0400,174.963,174.947,110,380
13.04.2018 09:31:21.822 GMT-0400,174.953,174.92700000000002,100,600
13.04.2018 09:31:21.884 GMT-0400,174.96200000000002,174.928,110,600
13.04.2018 09:31:22.651 GMT-0400,174.963,174.92700000000002,110,600
13.04.2018 09:31:23.152 GMT-0400,174.96200000000002,174.928,110,600
13.04.2018 09:31:23.656 GMT-0400,174.963,174.92700000000002,110,600
13.04.2018 09:31:24.098 GMT-0400,174.963,174.937,110,150
13.04.2018 09:31:24.894 GMT-0400,174.97299999999998,174.956,100,75
13.04.2018 09:31:24.999 GMT-0400,174.983,174.95700000000002,110,10099.9996
13.04.2018 09:31:25.449 GMT-0400,174.99200000000002,174.968,10599.9997,7
13.04.2018 09:31:26.063 GMT-0400,175.002,174.988,110,300
13.04.2018 09:31:26.895 GMT-0400,175.002,174.978,110,520
13.04.2018 09:31:27.038 GMT-0400,175.002,174.968,110,300
13.04.2018 09:31:27.089 GMT-0400,174.993,174.958,110,9999.9998
13.04.2018 09:31:27.421 GMT-0400,175.002,174.988,110,75
13.04.2018 09:31:27.471 GMT-0400,175.033,175.007,110,370
13.04.2018 09:31:27.884 GMT-0400,175.103,175.08700000000002,6,450
13.04.2018 09:31:27.934 GMT-0400,175.12900000000002,175.08700000000002,63,160
13.04.2018 09:31:27.985 GMT-0400,175.15200000000002,175.118,110,7
13.04.2018 09:31:28.101 GMT-0400,175.15200000000002,175.108,60,150
13.04.2018 09:31:28.493 GMT-0400,175.15200000000002,175.118,60,7499.9998
13.04.2018 09:31:28.778 GMT-0400,175.171,175.127,63,7
13.04.2018 09:31:28.829 GMT-0400,175.171,175.118,63,10499.9999
13.04.2018 09:31:28.879 GMT-0400,175.16299999999998,175.14700000000002,60,75
13.04.2018 09:31:28.980 GMT-0400,175.173,175.14700000000002,60,75
13.04.2018 09:31:29.031 GMT-0400,175.18200000000002,175.148,10200.0004,77
13.04.2018 09:31:29.629 GMT-0400,175.18200000000002,175.157,63,82
13.04.2018 09:31:29.780 GMT-0400,175.202,175.169,60,7499.9998
13.04.2018 09:31:30.352 GMT-0400,175.192,175.169,60,7499.9998
13.04.2018 09:31:30.635 GMT-0400,175.192,175.148,60,600
13.04.2018 09:31:30.865 GMT-0400,175.202,175.148,10099.9996,680
13.04.2018 09:31:31.574 GMT-0400,175.202,175.14700000000002,63,750
13.04.2018 09:31:32.106 GMT-0400,175.203,175.14700000000002,50,750
13.04.2018 09:31:32.156 GMT-0400,175.222,175.168,10200.0004,450
13.04.2018 09:31:32.486 GMT-0400,175.222,175.178,10200.0004,150
13.04.2018 09:31:32.946 GMT-0400,175.21200000000002,175.178,60,150
13.04.2018 09:31:33.470 GMT-0400,175.213,175.17700000000002,60,340
13.04.2018 09:31:33.996 GMT-0400,175.21200000000002,175.178,60,190
13.04.2018 09:31:34.635 GMT-0400,175.213,175.17700000000002,60,8
13.04.2018 09:31:35.006 GMT-0400,175.202,175.168,60,600
13.04.2018 09:31:35.323 GMT-0400,175.213,175.187,56,10099.9996
13.04.2018 09:31:36.060 GMT-0400,175.21200000000002,175.188,60,120
13.04.2018 09:31:36.282 GMT-0400,175.21200000000002,175.178,60,75
13.04.2018 09:31:36.704 GMT-0400,175.222,175.178,50,820
13.04.2018 09:31:36.915 GMT-0400,175.213,175.17700000000002,60,750
13.04.2018 09:31:37.691 GMT-0400,175.232,175.188,60,160
13.04.2018 09:31:37.786 GMT-0400,175.222,175.188,60,150
13.04.2018 09:31:37.936 GMT-0400,175.22299999999998,175.17700000000002,60,750
13.04.2018 09:31:38.161 GMT-0400,175.18200000000002,175.161,60,7499.9998
13.04.2018 09:31:38.211 GMT-0400,175.192,175.15200000000002,60,7499.9998
13.04.2018 09:31:38.332 GMT-0400,175.16400000000002,175.15200000000002,60,7499.9998
13.04.2018 09:31:38.382 GMT-0400,175.172,175.138,63,76
13.04.2018 09:31:38.509 GMT-0400,175.172,175.148,63,370
13.04.2018 09:31:38.687 GMT-0400,175.172,175.131,10200.0004,9999.9998
13.04.2018 09:31:38.738 GMT-0400,175.172,175.131,63,7499.9998
13.04.2018 09:31:38.923 GMT-0400,175.143,175.113,10,7499.9998
13.04.2018 09:31:38.974 GMT-0400,175.15200000000002,175.113,60,7499.9998
13.04.2018 09:31:39.115 GMT-0400,175.143,175.113,60,7499.9998
13.04.2018 09:31:39.168 GMT-0400,175.133,175.09799999999998,63,380
13.04.2018 09:31:39.269 GMT-0400,175.113,175.08700000000002,60,1130
13.04.2018 09:31:39.319 GMT-0400,175.133,175.08700000000002,10099.9996,1130
13.04.2018 09:31:39.370 GMT-0400,175.132,175.108,60,75
13.04.2018 09:31:39.436 GMT-0400,175.123,175.097,60,300
13.04.2018 09:31:39.487 GMT-0400,175.132,175.09799999999998,60,300
13.04.2018 09:31:39.664 GMT-0400,175.123,175.09,60,7499.9998
13.04.2018 09:31:39.977 GMT-0400,175.122,175.09799999999998,10300.0002,160
13.04.2018 09:31:40.289 GMT-0400,175.092,175.06799999999998,60,640
13.04.2018 09:31:40.390 GMT-0400,175.103,175.067,63,82
13.04.2018 09:31:40.913 GMT-0400,175.103,175.06799999999998,63,1130
13.04.2018 09:31:41.009 GMT-0400,175.11200000000002,175.06799999999998,60,1130
13.04.2018 09:31:41.060 GMT-0400,175.118,175.08700000000002,63,7
13.04.2018 09:31:41.399 GMT-0400,175.103,175.079,60,7499.9998
13.04.2018 09:31:41.454 GMT-0400,175.102,175.067,63,1050
13.04.2018 09:31:41.683 GMT-0400,175.083,175.067,60,320
13.04.2018 09:31:42.270 GMT-0400,175.102,175.078,10099.9996,370
13.04.2018 09:31:42.558 GMT-0400,175.11200000000002,175.078,63,300
13.04.2018 09:31:42.609 GMT-0400,175.103,175.08700000000002,60,150
13.04.2018 09:31:42.951 GMT-0400,175.123,175.107,60,220
13.04.2018 09:31:43.002 GMT-0400,175.122,175.09799999999998,60,220
13.04.2018 09:31:43.052 GMT-0400,175.11200000000002,175.088,10,76
13.04.2018 09:31:43.103 GMT-0400,175.123,175.08700000000002,60,76
13.04.2018 09:31:43.498 GMT-0400,175.162,175.128,60,260
13.04.2018 09:31:44.079 GMT-0400,175.16299999999998,175.137,60,75
13.04.2018 09:31:44.575 GMT-0400,175.18200000000002,175.148,60,75
13.04.2018 09:31:45.073 GMT-0400,175.183,175.157,60,150
13.04.2018 09:31:45.390 GMT-0400,175.19,175.167,63,75
13.04.2018 09:31:46.068 GMT-0400,175.203,175.167,60,76
13.04.2018 09:31:47.019 GMT-0400,175.202,175.168,50,76
13.04.2018 09:31:47.909 GMT-0400,175.203,175.167,50,150
13.04.2018 09:31:48.489 GMT-0400,175.202,175.168,60,750
13.04.2018 09:31:48.907 GMT-0400,175.222,175.197,63,75
13.04.2018 09:31:49.453 GMT-0400,175.22299999999998,175.197,60,220
13.04.2018 09:31:49.763 GMT-0400,175.213,175.197,60,170
13.04.2018 09:31:49.864 GMT-0400,175.222,175.198,60,400
13.04.2018 09:31:49.976 GMT-0400,175.24200000000002,175.198,60,400
13.04.2018 09:31:50.027 GMT-0400,175.243,175.20700000000002,10099.9996,190
13.04.2018 09:31:50.794 GMT-0400,175.24200000000002,175.208,48,640
13.04.2018 09:31:51.105 GMT-0400,175.21400000000003,175.201,60,7499.9998
13.04.2018 09:31:51.209 GMT-0400,175.203,175.187,60,120
13.04.2018 09:31:51.562 GMT-0400,175.19299999999998,175.17700000000002,60,150
13.04.2018 09:31:51.613 GMT-0400,175.203,175.17700000000002,63,150
13.04.2018 09:31:52.489 GMT-0400,175.203,175.188,63,75
13.04.2018 09:31:52.565 GMT-0400,175.232,175.188,60,75
13.04.2018 09:31:52.685 GMT-0400,175.132,175.118,60,670
13.04.2018 09:31:52.735 GMT-0400,175.143,175.11700000000002,60,220
13.04.2018 09:31:53.636 GMT-0400,175.14200000000002,175.118,60,300
13.04.2018 09:31:53.687 GMT-0400,175.153,175.127,60,370
13.04.2018 09:31:53.737 GMT-0400,175.14200000000002,175.128,60,300
13.04.2018 09:31:53.919 GMT-0400,175.153,175.128,63,310
13.04.2018 09:31:54.428 GMT-0400,175.153,175.127,60,300
13.04.2018 09:31:54.479 GMT-0400,175.153,175.137,60,76
13.04.2018 09:31:54.652 GMT-0400,175.162,175.138,60,76
13.04.2018 09:31:55.030 GMT-0400,175.172,175.148,60,75
13.04.2018 09:31:55.613 GMT-0400,175.153,175.118,60,7499.9998
13.04.2018 09:31:55.663 GMT-0400,175.153,175.127,10099.9996,230
13.04.2018 09:31:55.997 GMT-0400,175.143,175.11700000000002,60,76
13.04.2018 09:31:56.290 GMT-0400,175.17700000000002,175.137,63,300
13.04.2018 09:31:56.516 GMT-0400,175.17700000000002,175.148,63,900
13.04.2018 09:31:57.080 GMT-0400,175.17700000000002,175.157,63,150
13.04.2018 09:31:57.269 GMT-0400,175.203,175.157,60,300
13.04.2018 09:31:57.875 GMT-0400,175.202,175.178,60,75
13.04.2018 09:31:58.558 GMT-0400,175.203,175.17700000000002,60,220
13.04.2018 09:31:59.203 GMT-0400,175.208,175.188,63,82
13.04.2018 09:31:59.253 GMT-0400,175.202,175.178,60,230
13.04.2018 09:31:59.438 GMT-0400,175.19299999999998,175.17700000000002,60,230
13.04.2018 09:32:00.131 GMT-0400,175.192,175.178,60,230
13.04.2018 09:32:00.528 GMT-0400,175.202,175.188,60,11
13.04.2018 09:32:01.115 GMT-0400,175.21200000000002,175.198,60,75
13.04.2018 09:32:01.216 GMT-0400,175.203,175.187,60,160
13.04.2018 09:32:01.537 GMT-0400,175.21200000000002,175.188,60,160
13.04.2018 09:32:01.627 GMT-0400,175.21200000000002,175.198,60,75
13.04.2018 09:32:02.000 GMT-0400,175.222,175.198,60,150
13.04.2018 09:32:02.054 GMT-0400,175.232,175.198,60,150
13.04.2018 09:32:02.154 GMT-0400,175.24200000000002,175.198,60,220
13.04.2018 09:32:02.417 GMT-0400,175.24200000000002,175.208,18,560
13.04.2018 09:32:02.969 GMT-0400,175.232,175.208,60,490
13.04.2018 09:32:03.331 GMT-0400,175.252,175.228,60,300
13.04.2018 09:32:03.532 GMT-0400,175.273,175.247,60,75
13.04.2018 09:32:04.039 GMT-0400,175.27200000000002,175.248,60,150
13.04.2018 09:32:04.230 GMT-0400,175.292,175.258,60,82
13.04.2018 09:32:04.280 GMT-0400,175.303,175.287,60,110
13.04.2018 09:32:04.787 GMT-0400,175.30200000000002,175.28799999999998,60,1760
13.04.2018 09:32:05.534 GMT-0400,175.303,175.287,60,1340
13.04.2018 09:32:05.737 GMT-0400,175.312,175.28799999999998,46,1340
13.04.2018 09:32:05.837 GMT-0400,175.323,175.297,63,150
13.04.2018 09:32:06.438 GMT-0400,175.33200000000002,175.298,60,10400
13.04.2018 09:32:06.699 GMT-0400,175.333,175.30700000000002,60,150
13.04.2018 09:32:07.038 GMT-0400,175.338,175.31799999999998,63,150
13.04.2018 09:32:07.488 GMT-0400,175.353,175.317,1,150
13.04.2018 09:32:07.625 GMT-0400,175.36200000000002,175.328,60,82
13.04.2018 09:32:08.024 GMT-0400,175.363,175.33700000000002,10200.0004,56
13.04.2018 09:32:08.125 GMT-0400,175.363,175.327,10499.9999,98
13.04.2018 09:32:08.175 GMT-0400,175.363,175.347,63,22
13.04.2018 09:32:08.279 GMT-0400,175.363,175.31799999999998,63,9999.9998
13.04.2018 09:32:08.329 GMT-0400,175.363,175.34799999999998,63,170
13.04.2018 09:32:08.488 GMT-0400,175.383,175.347,46,170
13.04.2018 09:32:08.539 GMT-0400,175.39200000000002,175.378,60,120
13.04.2018 09:32:08.591 GMT-0400,175.383,175.36700000000002,60,450
13.04.2018 09:32:08.765 GMT-0400,175.39200000000002,175.368,60,450
13.04.2018 09:32:08.994 GMT-0400,175.393,175.377,60,75
13.04.2018 09:32:09.044 GMT-0400,175.39200000000002,175.368,60,150
13.04.2018 09:32:09.103 GMT-0400,175.393,175.377,60,75
13.04.2018 09:32:09.204 GMT-0400,175.39200000000002,175.368,60,150
13.04.2018 09:32:09.389 GMT-0400,175.382,175.368,60,150
13.04.2018 09:32:09.439 GMT-0400,175.39200000000002,175.368,60,220
13.04.2018 09:32:09.845 GMT-0400,175.393,175.347,60,9999.9998
13.04.2018 09:32:10.464 GMT-0400,175.40200000000002,175.388,60,150
13.04.2018 09:32:10.515 GMT-0400,175.423,175.387,60,300
13.04.2018 09:32:10.792 GMT-0400,175.422,175.398,60,150
13.04.2018 09:32:11.243 GMT-0400,175.412,175.388,10,370
13.04.2018 09:32:11.293 GMT-0400,175.423,175.387,60,370
13.04.2018 09:32:11.483 GMT-0400,175.433,175.39700000000002,25,230
13.04.2018 09:32:11.534 GMT-0400,175.442,175.398,10300.0002,75
13.04.2018 09:32:11.979 GMT-0400,175.43200000000002,175.388,60,670
13.04.2018 09:32:12.529 GMT-0400,175.44,175.418,63,75
13.04.2018 09:32:12.630 GMT-0400,175.433,175.408,60,7499.9998
13.04.2018 09:32:13.238 GMT-0400,175.43200000000002,175.408,60,7499.9998
13.04.2018 09:32:13.487 GMT-0400,175.422,175.408,60,7499.9998
13.04.2018 09:32:13.538 GMT-0400,175.423,175.387,60,1280
13.04.2018 09:32:13.639 GMT-0400,175.41299999999998,175.387,60,1200.0001
13.04.2018 09:32:13.941 GMT-0400,175.373,175.34900000000002,60,7499.9998
13.04.2018 09:32:13.992 GMT-0400,175.353,175.327,60,300
13.04.2018 09:32:14.143 GMT-0400,175.342,175.328,60,76
13.04.2018 09:32:14.555 GMT-0400,175.347,175.33599999999998,63,150
13.04.2018 09:32:14.633 GMT-0400,175.353,175.327,60,300
13.04.2018 09:32:14.936 GMT-0400,175.333,175.31,60,7499.9998
13.04.2018 09:32:15.007 GMT-0400,175.343,175.31,60,7499.9998
13.04.2018 09:32:15.107 GMT-0400,175.352,175.31799999999998,60,75
13.04.2018 09:32:15.498 GMT-0400,175.343,175.317,60,75
13.04.2018 09:32:15.668 GMT-0400,175.353,175.317,10300.0002,75
13.04.2018 09:32:16.555 GMT-0400,175.352,175.31799999999998,60,150
13.04.2018 09:32:16.652 GMT-0400,175.342,175.31799999999998,60,150
13.04.2018 09:32:16.939 GMT-0400,175.33,175.298,63,120
13.04.2018 09:32:17.148 GMT-0400,175.333,175.30700000000002,60,67
13.04.2018 09:32:17.349 GMT-0400,175.328,175.298,63,7499.9998
13.04.2018 09:32:18.290 GMT-0400,175.33200000000002,175.298,60,340
13.04.2018 09:32:18.363 GMT-0400,175.323,175.297,60,340
13.04.2018 09:32:18.710 GMT-0400,175.283,175.26700000000002,60,75
13.04.2018 09:32:19.048 GMT-0400,175.273,175.257,60,1050
13.04.2018 09:32:19.153 GMT-0400,175.283,175.257,60,1050
13.04.2018 09:32:19.256 GMT-0400,175.283,175.26700000000002,60,450
13.04.2018 09:32:19.815 GMT-0400,175.282,175.268,60,520
13.04.2018 09:32:19.970 GMT-0400,175.273,175.257,60,1050
13.04.2018 09:32:20.143 GMT-0400,175.262,175.24200000000002,60,7499.9998
13.04.2018 09:32:20.193 GMT-0400,175.262,175.248,60,3
13.04.2018 09:32:20.295 GMT-0400,175.273,175.257,60,150
13.04.2018 09:32:20.346 GMT-0400,175.262,175.248,60,78
13.04.2018 09:32:20.868 GMT-0400,175.27200000000002,175.248,60,300
13.04.2018 09:32:20.994 GMT-0400,175.273,175.257,60,75
13.04.2018 09:32:21.321 GMT-0400,175.292,175.268,60,150
13.04.2018 09:32:21.860 GMT-0400,175.292,175.27700000000002,60,7499.9998
13.04.2018 09:32:21.911 GMT-0400,175.313,175.287,60,150
13.04.2018 09:32:22.491 GMT-0400,175.333,175.287,10400,520
13.04.2018 09:32:22.606 GMT-0400,175.333,175.297,63,750
13.04.2018 09:32:23.055 GMT-0400,175.342,175.308,60,10099.9996
13.04.2018 09:32:23.559 GMT-0400,175.343,175.308,60,7499.9998
13.04.2018 09:32:24.067 GMT-0400,175.342,175.308,60,150
13.04.2018 09:32:24.371 GMT-0400,175.33200000000002,175.31799999999998,60,75
13.04.2018 09:32:24.609 GMT-0400,175.333,175.308,63,450
13.04.2018 09:32:25.217 GMT-0400,175.333,175.326,63,75
13.04.2018 09:32:25.268 GMT-0400,175.343,175.327,60,75
13.04.2018 09:32:25.675 GMT-0400,175.342,175.31799999999998,60,10099.9996
13.04.2018 09:32:26.208 GMT-0400,175.343,175.31799999999998,60,7499.9998
13.04.2018 09:32:26.309 GMT-0400,175.353,175.327,60,7
13.04.2018 09:32:26.359 GMT-0400,175.342,175.31799999999998,60,150
13.04.2018 09:32:26.492 GMT-0400,175.353,175.317,60,900
13.04.2018 09:32:26.673 GMT-0400,175.36200000000002,175.31799999999998,60,830
13.04.2018 09:32:27.068 GMT-0400,175.368,175.31799999999998,63,830
13.04.2018 09:32:27.119 GMT-0400,175.40200000000002,175.368,60,9999.9998
13.04.2018 09:32:27.169 GMT-0400,175.382,175.338,60,75
13.04.2018 09:32:27.348 GMT-0400,175.39200000000002,175.338,60,150
13.04.2018 09:32:27.398 GMT-0400,175.393,175.347,60,240
13.04.2018 09:32:28.545 GMT-0400,175.39200000000002,175.34799999999998,60,240
13.04.2018 09:32:28.911 GMT-0400,175.393,175.36700000000002,60,140
13.04.2018 09:32:29.626 GMT-0400,175.39200000000002,175.368,60,65
13.04.2018 09:32:29.878 GMT-0400,175.458,175.428,63,10
13.04.2018 09:32:30.819 GMT-0400,175.46200000000002,175.428,46,1080
13.04.2018 09:32:31.635 GMT-0400,175.463,175.42700000000002,46,1380
13.04.2018 09:32:32.295 GMT-0400,175.46200000000002,175.428,60,1429.9999
13.04.2018 09:32:32.903 GMT-0400,175.472,175.428,10300.0002,1429.9999
13.04.2018 09:32:32.953 GMT-0400,175.463,175.42700000000002,60,1429.9999
13.04.2018 09:32:33.484 GMT-0400,175.46200000000002,175.428,60,1200.0001
13.04.2018 09:32:34.139 GMT-0400,175.463,175.437,60,300
13.04.2018 09:32:34.284 GMT-0400,175.472,175.437,63,380
13.04.2018 09:32:34.669 GMT-0400,175.47299999999998,175.447,60,600
13.04.2018 09:32:34.719 GMT-0400,175.49200000000002,175.448,60,750
13.04.2018 09:32:34.769 GMT-0400,175.482,175.448,60,750
13.04.2018 09:32:35.469 GMT-0400,175.483,175.447,50,75
13.04.2018 09:32:35.815 GMT-0400,175.52200000000002,175.498,9999.9998,820
13.04.2018 09:32:36.016 GMT-0400,175.533,175.507,9999.9998,7
13.04.2018 09:32:36.067 GMT-0400,175.533,175.497,9999.9998,750
13.04.2018 09:32:36.117 GMT-0400,175.55200000000002,175.518,60,10099.9996
13.04.2018 09:32:36.551 GMT-0400,175.543,175.518,60,7499.9998
13.04.2018 09:32:36.852 GMT-0400,175.553,175.52700000000002,60,7
13.04.2018 09:32:37.397 GMT-0400,175.55200000000002,175.518,60,76
13.04.2018 09:32:37.602 GMT-0400,175.52200000000002,175.498,60,10999.9999
13.04.2018 09:32:37.835 GMT-0400,175.52200000000002,175.488,63,75
13.04.2018 09:32:37.885 GMT-0400,175.52200000000002,175.46099999999998,63,9999.9998
13.04.2018 09:32:38.523 GMT-0400,175.55200000000002,175.528,10599.9997,82
13.04.2018 09:32:38.799 GMT-0400,175.553,175.51700000000002,60,220
13.04.2018 09:32:39.628 GMT-0400,175.55200000000002,175.518,60,300
13.04.2018 09:32:40.036 GMT-0400,175.542,175.518,1,300
13.04.2018 09:32:40.344 GMT-0400,175.523,175.497,2,150
13.04.2018 09:32:40.803 GMT-0400,175.532,175.498,60,130
13.04.2018 09:32:40.855 GMT-0400,175.542,175.498,60,52
13.04.2018 09:32:41.031 GMT-0400,175.52200000000002,175.498,60,130
13.04.2018 09:32:41.132 GMT-0400,175.503,175.477,60,450
13.04.2018 09:32:41.445 GMT-0400,175.512,175.478,60,450
13.04.2018 09:32:41.546 GMT-0400,175.503,175.467,10099.9996,220
13.04.2018 09:32:41.596 GMT-0400,175.482,175.468,60,220
13.04.2018 09:32:41.817 GMT-0400,175.482,175.458,60,160
13.04.2018 09:32:42.252 GMT-0400,175.47299999999998,175.45700000000002,60,270
13.04.2018 09:32:42.362 GMT-0400,175.46200000000002,175.441,60,7499.9998
13.04.2018 09:32:42.577 GMT-0400,175.463,175.447,60,150
13.04.2018 09:32:43.095 GMT-0400,175.46200000000002,175.448,60,150
13.04.2018 09:32:43.146 GMT-0400,175.46200000000002,175.438,60,77
13.04.2018 09:32:43.319 GMT-0400,175.453,175.438,63,77
13.04.2018 09:32:43.370 GMT-0400,175.452,175.41,60,7499.9998
13.04.2018 09:32:43.420 GMT-0400,175.442,175.41,60,7499.9998
13.04.2018 09:32:43.934 GMT-0400,175.416,175.41,60,7499.9998
13.04.2018 09:32:43.984 GMT-0400,175.412,175.388,10099.9996,450
13.04.2018 09:32:44.035 GMT-0400,175.422,175.40200000000002,60,7499.9998
13.04.2018 09:32:44.571 GMT-0400,175.403,175.387,32,450
13.04.2018 09:32:44.672 GMT-0400,175.40200000000002,175.368,60,440
13.04.2018 09:32:44.723 GMT-0400,175.39200000000002,175.368,50,360
13.04.2018 09:32:45.089 GMT-0400,175.382,175.368,60,61
13.04.2018 09:32:45.315 GMT-0400,175.393,175.36700000000002,60,140
13.04.2018 09:32:45.520 GMT-0400,175.39200000000002,175.378,45,150
13.04.2018 09:32:45.950 GMT-0400,175.403,175.387,60,75
13.04.2018 09:32:46.202 GMT-0400,175.39200000000002,175.378,60,75
13.04.2018 09:32:46.823 GMT-0400,175.393,175.377,60,110
13.04.2018 09:32:47.203 GMT-0400,175.383,175.36700000000002,60,1050
13.04.2018 09:32:47.509 GMT-0400,175.393,175.368,63,750
13.04.2018 09:32:48.216 GMT-0400,175.40200000000002,175.368,60,750
13.04.2018 09:32:48.280 GMT-0400,175.40200000000002,175.378,60,220
13.04.2018 09:32:48.830 GMT-0400,175.39200000000002,175.378,60,380
13.04.2018 09:32:49.578 GMT-0400,175.393,175.377,60,380
13.04.2018 09:32:49.682 GMT-0400,175.422,175.388,60,600
13.04.2018 09:32:50.455 GMT-0400,175.43200000000002,175.398,63,230
13.04.2018 09:32:50.630 GMT-0400,175.43200000000002,175.387,63,430
13.04.2018 09:32:50.681 GMT-0400,175.44299999999998,175.387,60,430
13.04.2018 09:32:51.343 GMT-0400,175.433,175.387,60,430
13.04.2018 09:32:52.716 GMT-0400,175.41299999999998,175.387,60,800
13.04.2018 09:32:53.565 GMT-0400,175.422,175.398,60,160
13.04.2018 09:32:53.782 GMT-0400,175.422,175.388,60,800
13.04.2018 09:32:56.295 GMT-0400,175.372,175.34799999999998,60,310
13.04.2018 09:32:57.052 GMT-0400,175.36200000000002,175.33700000000002,60,7499.9998
13.04.2018 09:32:57.105 GMT-0400,175.343,175.327,60,160
13.04.2018 09:32:57.805 GMT-0400,175.329,175.32,60,7499.9998
13.04.2018 09:32:57.856 GMT-0400,175.33200000000002,175.308,60,75
13.04.2018 09:32:58.068 GMT-0400,175.322,175.308,60,91
13.04.2018 09:32:58.119 GMT-0400,175.333,175.30700000000002,60,16
13.04.2018 09:32:58.220 GMT-0400,175.303,175.287,60,370
13.04.2018 09:32:58.270 GMT-0400,175.313,175.28799999999998,63,370
13.04.2018 09:32:58.492 GMT-0400,175.313,175.28,10099.9996,7499.9998
13.04.2018 09:32:59.029 GMT-0400,175.312,175.28,60,7499.9998
13.04.2018 09:32:59.183 GMT-0400,175.312,175.268,60,450
13.04.2018 09:32:59.260 GMT-0400,175.292,175.268,19,450
13.04.2018 09:33:00.024 GMT-0400,175.292,175.258,60,10999.9999
13.04.2018 09:33:00.075 GMT-0400,175.273,175.256,10200.0004,150
13.04.2018 09:33:00.240 GMT-0400,175.263,175.23700000000002,60,1150
13.04.2018 09:33:00.497 GMT-0400,175.26500000000001,175.258,60,7499.9998
13.04.2018 09:33:00.977 GMT-0400,175.30200000000002,175.268,60,150
13.04.2018 09:33:01.435 GMT-0400,175.30200000000002,175.278,60,7499.9998
13.04.2018 09:33:01.485 GMT-0400,175.30200000000002,175.268,60,200
13.04.2018 09:33:01.593 GMT-0400,175.363,175.327,2,7499.9998
13.04.2018 09:33:01.763 GMT-0400,175.37900000000002,175.327,63,7499.9998
13.04.2018 09:33:02.441 GMT-0400,175.393,175.327,60,370
13.04.2018 09:33:02.771 GMT-0400,175.39200000000002,175.358,60,75
13.04.2018 09:33:03.292 GMT-0400,175.403,175.36700000000002,60,150
13.04.2018 09:33:03.448 GMT-0400,175.40200000000002,175.378,60,75
13.04.2018 09:33:04.189 GMT-0400,175.40200000000002,175.388,60,750
13.04.2018 09:33:05.255 GMT-0400,175.403,175.387,60,1500
13.04.2018 09:33:06.066 GMT-0400,175.412,175.388,60,1510
13.04.2018 09:33:06.120 GMT-0400,175.40200000000002,175.388,60,1050
13.04.2018 09:33:06.612 GMT-0400,175.393,175.36900000000003,60,7499.9998
13.04.2018 09:33:06.890 GMT-0400,175.353,175.317,10,10499.9999
13.04.2018 09:33:06.991 GMT-0400,175.372,175.328,60,750
13.04.2018 09:33:07.091 GMT-0400,175.38,175.328,63,300
13.04.2018 09:33:07.357 GMT-0400,175.38,175.31799999999998,63,370
13.04.2018 09:33:07.489 GMT-0400,175.372,175.31799999999998,60,370
13.04.2018 09:33:08.081 GMT-0400,175.373,175.327,60,75
13.04.2018 09:33:08.181 GMT-0400,175.382,175.327,63,370
13.04.2018 09:33:08.830 GMT-0400,175.363,175.327,60,150
13.04.2018 09:33:09.347 GMT-0400,175.373,175.327,10099.9996,150
13.04.2018 09:33:09.718 GMT-0400,175.363,175.327,60,150
13.04.2018 09:33:10.256 GMT-0400,175.382,175.338,60,300
13.04.2018 09:33:10.357 GMT-0400,175.383,175.33,60,7499.9998
13.04.2018 09:33:10.684 GMT-0400,175.382,175.338,60,300
13.04.2018 09:33:11.155 GMT-0400,175.373,175.33,60,7499.9998
13.04.2018 09:33:11.458 GMT-0400,175.353,175.313,60,7499.9998
13.04.2018 09:33:11.868 GMT-0400,175.342,175.313,60,7499.9998
13.04.2018 09:33:12.308 GMT-0400,175.352,175.327,63,82
13.04.2018 09:33:13.077 GMT-0400,175.352,175.317,63,220
13.04.2018 09:33:13.473 GMT-0400,175.343,175.317,25,220
13.04.2018 09:33:13.790 GMT-0400,175.342,175.30200000000002,63,9999.9998
13.04.2018 09:33:14.168 GMT-0400,175.352,175.328,60,76
13.04.2018 09:33:14.787 GMT-0400,175.353,175.327,60,76
13.04.2018 09:33:15.490 GMT-0400,175.352,175.338,60,160
13.04.2018 09:33:16.152 GMT-0400,175.356,175.33900000000003,60,7499.9998
13.04.2018 09:33:16.203 GMT-0400,175.40200000000002,175.378,60,79
13.04.2018 09:33:16.304 GMT-0400,175.39200000000002,175.36200000000002,2,7499.9998
13.04.2018 09:33:16.356 GMT-0400,175.39200000000002,175.338,60,530
13.04.2018 09:33:16.407 GMT-0400,175.393,175.327,60,9999.9998
13.04.2018 09:33:17.516 GMT-0400,175.39200000000002,175.368,1,220
13.04.2018 09:33:18.014 GMT-0400,175.393,175.377,1,75
13.04.2018 09:33:18.395 GMT-0400,175.403,175.377,60,75
13.04.2018 09:33:18.495 GMT-0400,175.40200000000002,175.368,60,830
13.04.2018 09:33:19.014 GMT-0400,175.40200000000002,175.388,60,37
13.04.2018 09:33:19.655 GMT-0400,175.403,175.387,60,110
13.04.2018 09:33:20.006 GMT-0400,175.41299999999998,175.39700000000002,60,150
13.04.2018 09:33:20.208 GMT-0400,175.403,175.377,60,150
13.04.2018 09:33:20.965 GMT-0400,175.40200000000002,175.378,60,76
13.04.2018 09:33:21.740 GMT-0400,175.403,175.377,60,76
13.04.2018 09:33:22.635 GMT-0400,175.40200000000002,175.378,60,600
13.04.2018 09:33:23.205 GMT-0400,175.403,175.377,60,580
13.04.2018 09:33:23.638 GMT-0400,175.39200000000002,175.378,1,7
13.04.2018 09:33:23.731 GMT-0400,175.40200000000002,175.378,60,7
13.04.2018 09:33:24.113 GMT-0400,175.393,175.368,10,7499.9998
13.04.2018 09:33:24.685 GMT-0400,175.393,175.36700000000002,60,530
13.04.2018 09:33:24.923 GMT-0400,175.382,175.34799999999998,60,220
13.04.2018 09:33:25.430 GMT-0400,175.383,175.347,10099.9996,220
13.04.2018 09:33:25.884 GMT-0400,175.40200000000002,175.34799999999998,60,300
13.04.2018 09:33:26.494 GMT-0400,175.403,175.36700000000002,60,150
13.04.2018 09:33:27.528 GMT-0400,175.40200000000002,175.368,60,150
13.04.2018 09:33:28.277 GMT-0400,175.403,175.36700000000002,60,230
13.04.2018 09:33:28.587 GMT-0400,175.373,175.33700000000002,60,750
13.04.2018 09:33:28.829 GMT-0400,175.382,175.338,60,750
13.04.2018 09:33:29.099 GMT-0400,175.372,175.338,60,370
13.04.2018 09:33:29.447 GMT-0400,175.312,175.298,60,75
13.04.2018 09:33:30.242 GMT-0400,175.312,175.28799999999998,60,10400
13.04.2018 09:33:30.559 GMT-0400,175.303,175.287,60,300
13.04.2018 09:33:30.673 GMT-0400,175.312,175.28799999999998,60,300
13.04.2018 09:33:30.950 GMT-0400,175.313,175.27700000000002,60,370
13.04.2018 09:33:31.042 GMT-0400,175.293,175.268,60,7499.9998
13.04.2018 09:33:31.600 GMT-0400,175.282,175.268,60,150
13.04.2018 09:33:31.651 GMT-0400,175.283,175.257,60,150
13.04.2018 09:33:32.258 GMT-0400,175.282,175.258,60,150
13.04.2018 09:33:32.609 GMT-0400,175.27200000000002,175.258,60,150
13.04.2018 09:33:32.712 GMT-0400,175.27200000000002,175.248,60,450
13.04.2018 09:33:32.941 GMT-0400,175.262,175.248,60,520
13.04.2018 09:33:33.256 GMT-0400,175.243,175.227,60,34
13.04.2018 09:33:33.356 GMT-0400,175.252,175.208,60,10200.0004
13.04.2018 09:33:33.407 GMT-0400,175.243,175.20700000000002,60,75
13.04.2018 09:33:33.773 GMT-0400,175.232,175.198,60,150
13.04.2018 09:33:34.443 GMT-0400,175.263,175.217,60,150
13.04.2018 09:33:34.885 GMT-0400,175.263,175.227,60,220
13.04.2018 09:33:35.218 GMT-0400,175.28099999999998,175.238,63,450
13.04.2018 09:33:35.269 GMT-0400,175.27900000000002,175.227,63,10300.0002
13.04.2018 09:33:35.401 GMT-0400,175.273,175.227,60,9999.9998
13.04.2018 09:33:35.735 GMT-0400,175.263,175.23700000000002,60,76
13.04.2018 09:33:36.149 GMT-0400,175.27900000000002,175.258,63,150
13.04.2018 09:33:36.199 GMT-0400,175.27900000000002,175.248,63,150
13.04.2018 09:33:36.250 GMT-0400,175.292,175.248,60,150
13.04.2018 09:33:36.564 GMT-0400,175.303,175.26700000000002,60,75
13.04.2018 09:33:36.909 GMT-0400,175.313,175.27700000000002,60,7499.9998
13.04.2018 09:33:37.240 GMT-0400,175.322,175.298,60,76
13.04.2018 09:33:37.656 GMT-0400,175.33200000000002,175.28799999999998,60,9999.9998
13.04.2018 09:33:38.180 GMT-0400,175.30200000000002,175.28799999999998,60,750
13.04.2018 09:33:38.230 GMT-0400,175.312,175.28799999999998,1,750
13.04.2018 09:33:40.131 GMT-0400,175.33200000000002,175.298,10200.0004,310
13.04.2018 09:33:40.182 GMT-0400,175.333,175.30700000000002,60,150
13.04.2018 09:33:40.520 GMT-0400,175.352,175.328,60,75
13.04.2018 09:33:40.571 GMT-0400,175.363,175.327,10599.9997,75
13.04.2018 09:33:40.621 GMT-0400,175.343,175.317,60,75
13.04.2018 09:33:40.797 GMT-0400,175.342,175.31,60,7499.9998
13.04.2018 09:33:41.129 GMT-0400,175.343,175.327,60,75
13.04.2018 09:33:41.230 GMT-0400,175.352,175.328,60,75
13.04.2018 09:33:41.423 GMT-0400,175.333,175.30700000000002,60,9999.9998
13.04.2018 09:33:41.480 GMT-0400,175.322,175.287,60,9999.9998
13.04.2018 09:33:42.019 GMT-0400,175.323,175.287,60,9999.9998
13.04.2018 09:33:42.194 GMT-0400,175.322,175.298,60,76
13.04.2018 09:33:42.444 GMT-0400,175.313,175.297,60,76
13.04.2018 09:33:42.662 GMT-0400,175.322,175.298,60,76
13.04.2018 09:33:42.762 GMT-0400,175.33200000000002,175.298,10200.0004,77
13.04.2018 09:33:43.443 GMT-0400,175.333,175.297,60,77
13.04.2018 09:33:43.544 GMT-0400,175.30200000000002,175.28799999999998,60,7499.9998
13.04.2018 09:33:43.594 GMT-0400,175.303,175.269,60,7499.9998
13.04.2018 09:33:43.645 GMT-0400,175.312,175.269,60,7499.9998
13.04.2018 09:33:44.120 GMT-0400,175.313,175.28799999999998,63,150
13.04.2018 09:33:44.534 GMT-0400,175.322,175.28799999999998,60,75
13.04.2018 09:33:44.842 GMT-0400,175.312,175.278,60,75
13.04.2018 09:33:45.260 GMT-0400,175.303,175.27700000000002,60,75
13.04.2018 09:33:45.461 GMT-0400,175.292,175.258,6,600
13.04.2018 09:33:46.060 GMT-0400,175.282,175.258,60,680
13.04.2018 09:33:46.161 GMT-0400,175.293,175.26700000000002,60,82
13.04.2018 09:33:46.262 GMT-0400,175.30200000000002,175.268,60,75
13.04.2018 09:33:46.384 GMT-0400,175.30200000000002,175.258,60,530
13.04.2018 09:33:46.435 GMT-0400,175.253,175.227,60,21
13.04.2018 09:33:46.603 GMT-0400,175.26,175.218,63,670
13.04.2018 09:33:46.966 GMT-0400,175.26,175.228,63,600
13.04.2018 09:33:47.277 GMT-0400,175.26,175.238,63,150
13.04.2018 09:33:47.435 GMT-0400,175.27200000000002,175.238,60,150
13.04.2018 09:33:48.386 GMT-0400,175.273,175.23700000000002,60,150
13.04.2018 09:33:49.598 GMT-0400,175.27200000000002,175.238,60,220
13.04.2018 09:33:50.306 GMT-0400,175.273,175.23700000000002,60,230
13.04.2018 09:33:50.357 GMT-0400,175.243,175.217,60,370
13.04.2018 09:33:50.969 GMT-0400,175.253,175.227,60,82
13.04.2018 09:33:51.043 GMT-0400,175.262,175.227,63,380
13.04.2018 09:33:51.094 GMT-0400,175.273,175.228,60,7499.9998
13.04.2018 09:33:51.627 GMT-0400,175.27200000000002,175.228,60,10099.9996
13.04.2018 09:33:51.990 GMT-0400,175.263,175.228,60,7499.9998
13.04.2018 09:33:52.040 GMT-0400,175.263,175.217,60,370
13.04.2018 09:33:52.728 GMT-0400,175.27200000000002,175.238,60,7
13.04.2018 09:33:52.778 GMT-0400,175.263,175.227,60,150
13.04.2018 09:33:53.280 GMT-0400,175.262,175.228,60,150
13.04.2018 09:33:54.340 GMT-0400,175.263,175.218,60,9999.9998
13.04.2018 09:33:54.440 GMT-0400,175.253,175.218,60,7499.9998
13.04.2018 09:33:54.936 GMT-0400,175.232,175.198,60,600
13.04.2018 09:33:55.407 GMT-0400,175.232,175.208,60,75
13.04.2018 09:33:55.872 GMT-0400,175.263,175.23700000000002,60,75
13.04.2018 09:33:56.187 GMT-0400,175.253,175.23700000000002,60,75
13.04.2018 09:33:56.237 GMT-0400,175.262,175.238,60,75
13.04.2018 09:33:56.468 GMT-0400,175.252,175.228,10,75
13.04.2018 09:33:56.519 GMT-0400,175.263,175.227,60,150
13.04.2018 09:33:56.760 GMT-0400,175.263,175.23700000000002,60,150
13.04.2018 09:33:57.457 GMT-0400,175.253,175.227,60,10200.0004
13.04.2018 09:33:57.797 GMT-0400,175.252,175.208,60,230
13.04.2018 09:33:57.848 GMT-0400,175.243,175.20700000000002,1,230
13.04.2018 09:33:58.153 GMT-0400,175.24200000000002,175.218,1,150
13.04.2018 09:33:58.434 GMT-0400,175.26,175.227,63,82
13.04.2018 09:33:58.494 GMT-0400,175.26,175.23700000000002,63,230
13.04.2018 09:33:59.045 GMT-0400,175.262,175.248,60,82
13.04.2018 09:33:59.285 GMT-0400,175.262,175.238,60,220
13.04.2018 09:34:00.151 GMT-0400,175.263,175.23700000000002,60,230
13.04.2018 09:34:00.634 GMT-0400,175.252,175.228,60,450
13.04.2018 09:34:00.912 GMT-0400,175.233,175.20700000000002,60,150
13.04.2018 09:34:00.962 GMT-0400,175.243,175.217,63,75
13.04.2018 09:34:01.345 GMT-0400,175.233,175.20700000000002,60,150
13.04.2018 09:34:01.699 GMT-0400,175.22299999999998,175.20700000000002,60,230
13.04.2018 09:34:02.329 GMT-0400,175.222,175.208,60,150
13.04.2018 09:34:02.489 GMT-0400,175.24200000000002,175.218,63,150
13.04.2018 09:34:02.540 GMT-0400,175.253,175.20700000000002,10300.0002,150
13.04.2018 09:34:03.617 GMT-0400,175.262,175.228,60,75
13.04.2018 09:34:04.052 GMT-0400,175.252,175.228,60,10200.0004
13.04.2018 09:34:04.568 GMT-0400,175.253,175.228,60,7499.9998
13.04.2018 09:34:05.056 GMT-0400,175.24200000000002,175.228,60,110
13.04.2018 09:34:05.107 GMT-0400,175.28099999999998,175.257,63,270
13.04.2018 09:34:05.222 GMT-0400,175.293,175.26700000000002,60,150
13.04.2018 09:34:05.272 GMT-0400,175.283,175.257,60,10300.0002
13.04.2018 09:34:05.868 GMT-0400,175.273,175.257,60,160
13.04.2018 09:34:07.248 GMT-0400,175.291,175.258,63,310
13.04.2018 09:34:07.299 GMT-0400,175.293,175.26700000000002,60,75
13.04.2018 09:34:07.805 GMT-0400,175.299,175.26700000000002,63,300
13.04.2018 09:34:07.934 GMT-0400,175.293,175.26700000000002,60,300
13.04.2018 09:34:08.038 GMT-0400,175.263,175.227,60,97
13.04.2018 09:34:08.322 GMT-0400,175.263,175.23700000000002,60,7499.9998
13.04.2018 09:34:08.537 GMT-0400,175.293,175.257,60,76
13.04.2018 09:34:08.690 GMT-0400,175.283,175.23700000000002,60,10099.9996
13.04.2018 09:34:08.842 GMT-0400,175.263,175.23700000000002,60,7499.9998
13.04.2018 09:34:08.893 GMT-0400,175.263,175.227,60,150
13.04.2018 09:34:08.976 GMT-0400,175.252,175.228,23,150
13.04.2018 09:34:09.027 GMT-0400,175.253,175.222,23,7499.9998
13.04.2018 09:34:09.442 GMT-0400,175.27200000000002,175.222,60,7499.9998
13.04.2018 09:34:09.648 GMT-0400,175.262,175.222,60,7499.9998
13.04.2018 09:34:10.089 GMT-0400,175.243,175.20700000000002,10,150
13.04.2018 09:34:10.198 GMT-0400,175.262,175.208,60,160
13.04.2018 09:34:10.383 GMT-0400,175.253,175.20700000000002,60,150
13.04.2018 09:34:11.071 GMT-0400,175.243,175.20700000000002,60,76
13.04.2018 09:34:11.173 GMT-0400,175.253,175.20700000000002,60,150
13.04.2018 09:34:11.492 GMT-0400,175.263,175.228,63,160
13.04.2018 09:34:11.542 GMT-0400,175.283,175.228,60,7499.9998
13.04.2018 09:34:11.730 GMT-0400,175.282,175.238,60,670
13.04.2018 09:34:12.114 GMT-0400,175.28900000000002,175.23700000000002,63,450
13.04.2018 09:34:12.566 GMT-0400,175.30200000000002,175.238,60,370
13.04.2018 09:34:12.981 GMT-0400,175.293,175.228,60,7499.9998
13.04.2018 09:34:13.032 GMT-0400,175.252,175.202,10200.0004,9999.9998
13.04.2018 09:34:13.566 GMT-0400,175.243,175.202,60,9999.9998
13.04.2018 09:34:14.037 GMT-0400,175.257,175.217,63,300
13.04.2018 09:34:14.087 GMT-0400,175.243,175.198,60,9999.9998
13.04.2018 09:34:14.498 GMT-0400,175.243,175.227,60,1
13.04.2018 09:34:14.741 GMT-0400,175.243,175.198,60,9999.9998
13.04.2018 09:34:15.300 GMT-0400,175.24200000000002,175.208,60,9999.9998
13.04.2018 09:34:15.781 GMT-0400,175.247,175.228,63,75
13.04.2018 09:34:16.027 GMT-0400,175.293,175.227,60,300
13.04.2018 09:34:16.546 GMT-0400,175.293,175.23700000000002,60,150
13.04.2018 09:34:17.134 GMT-0400,175.292,175.238,60,530
13.04.2018 09:34:17.488 GMT-0400,175.282,175.248,46,75
13.04.2018 09:34:17.997 GMT-0400,175.283,175.247,60,75
13.04.2018 09:34:18.092 GMT-0400,175.282,175.238,60,530
13.04.2018 09:34:18.913 GMT-0400,175.283,175.23700000000002,60,10599.9997
13.04.2018 09:34:19.550 GMT-0400,175.30200000000002,175.268,12500.0002,75
13.04.2018 09:34:19.600 GMT-0400,175.303,175.257,60,75
13.04.2018 09:34:20.088 GMT-0400,175.292,175.258,60,150
13.04.2018 09:34:21.017 GMT-0400,175.293,175.257,60,76
13.04.2018 09:34:21.500 GMT-0400,175.282,175.238,60,530
13.04.2018 09:34:21.637 GMT-0400,175.293,175.23700000000002,60,900
13.04.2018 09:34:21.687 GMT-0400,175.293,175.247,60,700
13.04.2018 09:34:21.993 GMT-0400,175.283,175.23700000000002,60,680
13.04.2018 09:34:22.546 GMT-0400,175.282,175.238,60,750
13.04.2018 09:34:23.153 GMT-0400,175.283,175.23700000000002,60,750
13.04.2018 09:34:23.849 GMT-0400,175.262,175.238,5,750
13.04.2018 09:34:23.955 GMT-0400,175.282,175.248,60,10499.9999
13.04.2018 09:34:24.254 GMT-0400,175.282,175.258,60,76
13.04.2018 09:34:24.502 GMT-0400,175.293,175.257,60,150
13.04.2018 09:34:25.107 GMT-0400,175.293,175.247,60,10099.9996
13.04.2018 09:34:25.542 GMT-0400,175.283,175.247,60,7499.9998
13.04.2018 09:34:25.699 GMT-0400,175.292,175.248,60,220
13.04.2018 09:34:25.954 GMT-0400,175.292,175.258,60,2
13.04.2018 09:34:26.067 GMT-0400,175.283,175.23700000000002,60,600
13.04.2018 09:34:26.228 GMT-0400,175.263,175.228,60,7499.9998
13.04.2018 09:34:26.627 GMT-0400,175.252,175.227,63,750
13.04.2018 09:34:27.151 GMT-0400,175.252,175.228,63,750
13.04.2018 09:34:27.254 GMT-0400,175.27200000000002,175.228,60,750
13.04.2018 09:34:27.679 GMT-0400,175.262,175.228,60,750
13.04.2018 09:34:28.218 GMT-0400,175.26700000000002,175.228,63,750
13.04.2018 09:34:28.691 GMT-0400,175.26700000000002,175.23700000000002,63,670
13.04.2018 09:34:28.802 GMT-0400,175.263,175.227,60,820
13.04.2018 09:34:28.983 GMT-0400,175.273,175.227,9999.9998,820
13.04.2018 09:34:29.802 GMT-0400,175.27200000000002,175.228,60,820
13.04.2018 09:34:30.598 GMT-0400,175.273,175.227,60,830
13.04.2018 09:34:31.450 GMT-0400,175.27200000000002,175.228,60,750
13.04.2018 09:34:32.080 GMT-0400,175.27200000000002,175.248,60,75
13.04.2018 09:34:32.130 GMT-0400,175.273,175.227,60,830
13.04.2018 09:34:32.490 GMT-0400,175.273,175.247,60,150
13.04.2018 09:34:32.800 GMT-0400,175.27200000000002,175.258,60,58
13.04.2018 09:34:32.901 GMT-0400,175.283,175.257,60,65
13.04.2018 09:34:33.334 GMT-0400,175.27200000000002,175.248,60,130
13.04.2018 09:34:33.385 GMT-0400,175.282,175.248,60,130
13.04.2018 09:34:33.436 GMT-0400,175.282,175.23700000000002,60,9999.9998
13.04.2018 09:34:33.814 GMT-0400,175.28799999999998,175.23700000000002,63,9999.9998
13.04.2018 09:34:34.633 GMT-0400,175.292,175.238,60,9999.9998
13.04.2018 09:34:35.268 GMT-0400,175.293,175.257,60,150
13.04.2018 09:34:35.463 GMT-0400,175.293,175.247,60,360
13.04.2018 09:34:35.513 GMT-0400,175.27200000000002,175.247,63,290
13.04.2018 09:34:36.027 GMT-0400,175.27200000000002,175.248,63,290
13.04.2018 09:34:36.391 GMT-0400,175.252,175.238,60,600
13.04.2018 09:34:37.047 GMT-0400,175.253,175.23700000000002,60,720
13.04.2018 09:34:37.568 GMT-0400,175.263,175.247,60,75
13.04.2018 09:34:37.619 GMT-0400,175.273,175.247,60,120
13.04.2018 09:34:37.670 GMT-0400,175.282,175.248,60,120
13.04.2018 09:34:38.081 GMT-0400,175.282,175.258,60,75
13.04.2018 09:34:38.183 GMT-0400,175.27200000000002,175.238,10599.9997,670
13.04.2018 09:34:38.314 GMT-0400,175.263,175.23700000000002,60,670
13.04.2018 09:34:38.630 GMT-0400,175.252,175.238,60,750
13.04.2018 09:34:40.051 GMT-0400,175.253,175.23700000000002,60,750
13.04.2018 09:34:40.713 GMT-0400,175.283,175.23700000000002,9999.9998,1120
13.04.2018 09:34:41.301 GMT-0400,175.283,175.247,9999.9998,370
13.04.2018 09:34:41.680 GMT-0400,175.293,175.26700000000002,60,75
13.04.2018 09:34:42.135 GMT-0400,175.30200000000002,175.278,60,75
13.04.2018 09:34:43.183 GMT-0400,175.312,175.27700000000002,63,820
13.04.2018 09:34:44.035 GMT-0400,175.312,175.278,63,900
13.04.2018 09:34:44.086 GMT-0400,175.322,175.278,60,900
13.04.2018 09:34:44.677 GMT-0400,175.323,175.27700000000002,60,830
13.04.2018 09:34:45.134 GMT-0400,175.323,175.287,60,150
13.04.2018 09:34:45.959 GMT-0400,175.322,175.28799999999998,60,980
13.04.2018 09:34:46.153 GMT-0400,175.333,175.298,60,7499.9998
13.04.2018 09:34:46.270 GMT-0400,175.312,175.298,60,7499.9998
13.04.2018 09:34:46.320 GMT-0400,175.313,175.287,60,430
13.04.2018 09:34:46.554 GMT-0400,175.321,175.28799999999998,63,510
13.04.2018 09:34:47.236 GMT-0400,175.321,175.287,63,510
13.04.2018 09:34:47.761 GMT-0400,175.322,175.28799999999998,60,510
13.04.2018 09:34:48.341 GMT-0400,175.323,175.287,60,240
13.04.2018 09:34:48.866 GMT-0400,175.30200000000002,175.278,60,770
13.04.2018 09:34:49.038 GMT-0400,175.323,175.27700000000002,10700.0005,770
13.04.2018 09:34:49.347 GMT-0400,175.322,175.298,60,75
13.04.2018 09:34:49.476 GMT-0400,175.313,175.287,60,670
13.04.2018 09:34:49.577 GMT-0400,175.30200000000002,175.278,60,770
13.04.2018 09:34:49.678 GMT-0400,175.312,175.287,63,75
13.04.2018 09:34:50.255 GMT-0400,175.293,175.27700000000002,60,170
13.04.2018 09:34:50.306 GMT-0400,175.30200000000002,175.268,60,75
13.04.2018 09:34:50.824 GMT-0400,175.31099999999998,175.26700000000002,63,75
13.04.2018 09:34:50.874 GMT-0400,175.30200000000002,175.268,60,75
13.04.2018 09:34:51.180 GMT-0400,175.31099999999998,175.278,63,300
13.04.2018 09:34:51.493 GMT-0400,175.293,175.27700000000002,60,300
13.04.2018 09:34:52.071 GMT-0400,175.292,175.278,60,300
13.04.2018 09:34:52.180 GMT-0400,175.312,175.27700000000002,63,300
13.04.2018 09:34:52.521 GMT-0400,175.312,175.28799999999998,60,75
13.04.2018 09:34:52.698 GMT-0400,175.323,175.287,60,75
13.04.2018 09:34:53.105 GMT-0400,175.30200000000002,175.28799999999998,60,75
13.04.2018 09:34:53.458 GMT-0400,175.303,175.27700000000002,60,750
13.04.2018 09:34:54.092 GMT-0400,175.30200000000002,175.28799999999998,60,150
13.04.2018 09:34:54.509 GMT-0400,175.313,175.287,10400,75
13.04.2018 09:34:54.787 GMT-0400,175.313,175.298,63,75
13.04.2018 09:34:55.122 GMT-0400,175.333,175.30700000000002,60,75
13.04.2018 09:34:55.313 GMT-0400,175.353,175.33700000000002,60,75
13.04.2018 09:34:55.533 GMT-0400,175.352,175.328,60,10099.9996
13.04.2018 09:34:56.394 GMT-0400,175.373,175.347,60,75
13.04.2018 09:34:56.444 GMT-0400,175.36200000000002,175.34799999999998,1,75
13.04.2018 09:34:56.495 GMT-0400,175.363,175.327,1,7499.9998
13.04.2018 09:34:56.630 GMT-0400,175.372,175.34799999999998,60,7
13.04.2018 09:34:56.680 GMT-0400,175.373,175.33700000000002,60,220
13.04.2018 09:34:57.312 GMT-0400,175.373,175.357,60,75
13.04.2018 09:34:57.426 GMT-0400,175.38,175.358,63,7
13.04.2018 09:34:57.738 GMT-0400,175.39200000000002,175.34799999999998,63,7499.9998
13.04.2018 09:34:57.866 GMT-0400,175.382,175.34799999999998,60,10099.9996
13.04.2018 09:34:58.782 GMT-0400,175.363,175.33700000000002,60,300
13.04.2018 09:34:59.399 GMT-0400,175.373,175.347,60,150
13.04.2018 09:34:59.450 GMT-0400,175.382,175.34799999999998,10900.0001,75
13.04.2018 09:34:59.698 GMT-0400,175.36200000000002,175.34799999999998,60,220
13.04.2018 09:34:59.861 GMT-0400,175.36200000000002,175.338,60,400
13.04.2018 09:35:00.259 GMT-0400,175.36200000000002,175.34799999999998,60,300
13.04.2018 09:35:00.504 GMT-0400,175.39200000000002,175.357,63,75
13.04.2018 09:35:00.626 GMT-0400,175.39200000000002,175.377,63,75
13.04.2018 09:35:00.676 GMT-0400,175.403,175.377,60,75
13.04.2018 09:35:01.011 GMT-0400,175.39200000000002,175.357,60,7499.9998
13.04.2018 09:35:01.112 GMT-0400,175.383,175.34799999999998,60,7499.9998
13.04.2018 09:35:01.416 GMT-0400,175.372,175.34799999999998,60,10099.9996
13.04.2018 09:35:01.756 GMT-0400,175.38,175.358,63,100
13.04.2018 09:35:02.082 GMT-0400,175.38,175.364,63,75
13.04.2018 09:35:02.502 GMT-0400,175.382,175.357,63,75
13.04.2018 09:35:02.715 GMT-0400,175.372,175.358,60,75
13.04.2018 09:35:02.989 GMT-0400,175.372,175.34799999999998,60,100
13.04.2018 09:35:03.090 GMT-0400,175.36200000000002,175.34799999999998,10099.9996,75
13.04.2018 09:35:03.140 GMT-0400,175.383,175.347,60,300
13.04.2018 09:35:03.456 GMT-0400,175.382,175.33700000000002,60,9999.9998
13.04.2018 09:35:03.506 GMT-0400,175.39200000000002,175.358,60,980
13.04.2018 09:35:03.858 GMT-0400,175.382,175.358,60,980
13.04.2018 09:35:04.632 GMT-0400,175.383,175.36700000000002,60,75
13.04.2018 09:35:05.174 GMT-0400,175.382,175.368,60,150
13.04.2018 09:35:05.509 GMT-0400,175.39200000000002,175.368,63,160
13.04.2018 09:35:06.459 GMT-0400,175.393,175.36700000000002,1,150
13.04.2018 09:35:06.510 GMT-0400,175.39200000000002,175.378,1,75
13.04.2018 09:35:06.611 GMT-0400,175.412,175.388,60,82
13.04.2018 09:35:06.782 GMT-0400,175.42900000000003,175.387,63,10599.9997
13.04.2018 09:35:06.906 GMT-0400,175.42900000000003,175.387,63,9999.9998
13.04.2018 09:35:07.007 GMT-0400,175.412,175.387,60,7499.9998
13.04.2018 09:35:07.191 GMT-0400,175.422,175.378,10999.9999,150
13.04.2018 09:35:07.528 GMT-0400,175.422,175.388,10999.9999,150
13.04.2018 09:35:08.065 GMT-0400,175.412,175.388,60,220
13.04.2018 09:35:08.317 GMT-0400,175.423,175.387,60,300
13.04.2018 09:35:08.399 GMT-0400,175.393,175.377,60,47
13.04.2018 09:35:08.500 GMT-0400,175.403,175.377,60,47
13.04.2018 09:35:08.550 GMT-0400,175.39200000000002,175.378,60,47
13.04.2018 09:35:09.110 GMT-0400,175.393,175.377,60,75
13.04.2018 09:35:09.421 GMT-0400,175.36200000000002,175.338,60,300
13.04.2018 09:35:09.539 GMT-0400,175.352,175.338,60,150
13.04.2018 09:35:09.646 GMT-0400,175.36200000000002,175.338,10400,150
13.04.2018 09:35:09.696 GMT-0400,175.353,175.33700000000002,60,75
13.04.2018 09:35:09.825 GMT-0400,175.352,175.328,60,670
13.04.2018 09:35:09.958 GMT-0400,175.352,175.338,60,75
13.04.2018 09:35:10.291 GMT-0400,175.363,175.347,60,100
13.04.2018 09:35:10.404 GMT-0400,175.38,175.357,63,220
13.04.2018 09:35:11.443 GMT-0400,175.382,175.358,60,150
13.04.2018 09:35:12.173 GMT-0400,175.365,175.34799999999998,60,30
13.04.2018 09:35:13.147 GMT-0400,175.353,175.33700000000002,60,1
13.04.2018 09:35:13.198 GMT-0400,175.37099999999998,175.347,63,10
13.04.2018 09:35:13.699 GMT-0400,175.36200000000002,175.338,60,1
13.04.2018 09:35:14.193 GMT-0400,175.373,175.357,60,75
13.04.2018 09:35:14.774 GMT-0400,175.363,175.338,60,7499.9998
13.04.2018 09:35:14.824 GMT-0400,175.372,175.358,60,75
13.04.2018 09:35:15.351 GMT-0400,175.373,175.357,60,74
13.04.2018 09:35:15.605 GMT-0400,175.383,175.357,60,75
13.04.2018 09:35:15.958 GMT-0400,175.389,175.368,63,470
13.04.2018 09:35:16.229 GMT-0400,175.412,175.378,60,85
13.04.2018 09:35:16.430 GMT-0400,175.422,175.378,60,10
13.04.2018 09:35:16.532 GMT-0400,175.422,175.388,60,530
13.04.2018 09:35:16.762 GMT-0400,175.44299999999998,175.407,10700.0005,150
13.04.2018 09:35:17.097 GMT-0400,175.433,175.407,1,150
13.04.2018 09:35:17.402 GMT-0400,175.44299999999998,175.417,60,75
13.04.2018 09:35:18.157 GMT-0400,175.438,175.417,63,78
13.04.2018 09:35:18.745 GMT-0400,175.438,175.428,63,240
13.04.2018 09:35:18.885 GMT-0400,175.452,175.428,60,160
13.04.2018 09:35:19.025 GMT-0400,175.451,175.418,63,230
13.04.2018 09:35:19.977 GMT-0400,175.453,175.417,60,230
13.04.2018 09:35:20.232 GMT-0400,175.43200000000002,175.418,60,230
13.04.2018 09:35:20.409 GMT-0400,175.452,175.417,63,610
13.04.2018 09:35:21.094 GMT-0400,175.452,175.428,60,76
13.04.2018 09:35:21.596 GMT-0400,175.453,175.407,60,9999.9998
13.04.2018 09:35:22.067 GMT-0400,175.452,175.418,60,9999.9998
13.04.2018 09:35:22.380 GMT-0400,175.467,175.447,63,75
13.04.2018 09:35:22.431 GMT-0400,175.47299999999998,175.437,60,380
13.04.2018 09:35:22.632 GMT-0400,175.47299999999998,175.447,60,75
13.04.2018 09:35:23.935 GMT-0400,175.472,175.448,60,70
13.04.2018 09:35:24.266 GMT-0400,175.458,175.407,63,9999.9998
13.04.2018 09:35:24.666 GMT-0400,175.458,175.438,63,75
13.04.2018 09:35:24.717 GMT-0400,175.463,175.42700000000002,60,76
13.04.2018 09:35:24.767 GMT-0400,175.453,175.417,60,9999.9998
13.04.2018 09:35:25.250 GMT-0400,175.452,175.418,10499.9999,230
13.04.2018 09:35:25.351 GMT-0400,175.412,175.388,60,530
13.04.2018 09:35:25.431 GMT-0400,175.422,175.388,60,530
13.04.2018 09:35:25.520 GMT-0400,175.40200000000002,175.388,10,530
13.04.2018 09:35:26.293 GMT-0400,175.403,175.387,10,530
13.04.2018 09:35:27.122 GMT-0400,175.393,175.382,60,7499.9998
13.04.2018 09:35:27.172 GMT-0400,175.39200000000002,175.368,10,7499.9998
13.04.2018 09:35:28.127 GMT-0400,175.39200000000002,175.358,10,750
13.04.2018 09:35:28.772 GMT-0400,175.40200000000002,175.388,63,75
13.04.2018 09:35:28.823 GMT-0400,175.412,175.368,60,10999.9999
13.04.2018 09:35:28.924 GMT-0400,175.41299999999998,175.377,60,690
13.04.2018 09:35:29.617 GMT-0400,175.41299999999998,175.387,60,760
13.04.2018 09:35:29.980 GMT-0400,175.41299999999998,175.39700000000002,60,76
13.04.2018 09:35:30.320 GMT-0400,175.43200000000002,175.39700000000002,63,160
13.04.2018 09:35:30.427 GMT-0400,175.452,175.398,60,380
13.04.2018 09:35:30.612 GMT-0400,175.453,175.407,60,600
13.04.2018 09:35:30.946 GMT-0400,175.452,175.388,60,9999.9998
13.04.2018 09:35:31.529 GMT-0400,175.47099999999998,175.438,63,680
13.04.2018 09:35:31.946 GMT-0400,175.47299999999998,175.45700000000002,60,75
13.04.2018 09:35:32.109 GMT-0400,175.482,175.458,60,230
13.04.2018 09:35:32.159 GMT-0400,175.482,175.468,60,75
13.04.2018 09:35:32.559 GMT-0400,175.488,175.478,63,150
13.04.2018 09:35:32.953 GMT-0400,175.483,175.467,60,670
13.04.2018 09:35:33.053 GMT-0400,175.493,175.467,60,750
13.04.2018 09:35:33.104 GMT-0400,175.49200000000002,175.478,60,150
13.04.2018 09:35:33.796 GMT-0400,175.493,175.477,60,220
13.04.2018 09:35:33.846 GMT-0400,175.503,175.477,60,220
13.04.2018 09:35:33.992 GMT-0400,175.49200000000002,175.478,60,210
13.04.2018 09:35:34.043 GMT-0400,175.502,175.478,60,210
13.04.2018 09:35:34.335 GMT-0400,175.503,175.48700000000002,60,75
13.04.2018 09:35:34.386 GMT-0400,175.502,175.478,60,210
13.04.2018 09:35:34.468 GMT-0400,175.503,175.468,60,9999.9998
13.04.2018 09:35:34.663 GMT-0400,175.533,175.497,60,370
13.04.2018 09:35:34.818 GMT-0400,175.532,175.508,60,75
13.04.2018 09:35:34.869 GMT-0400,175.542,175.508,10400,76
13.04.2018 09:35:35.074 GMT-0400,175.52200000000002,175.508,60,76
13.04.2018 09:35:35.579 GMT-0400,175.523,175.507,60,150
13.04.2018 09:35:35.783 GMT-0400,175.542,175.51700000000002,63,150
13.04.2018 09:35:35.883 GMT-0400,175.542,175.508,60,10200.0004
13.04.2018 09:35:36.122 GMT-0400,175.52200000000002,175.508,60,7499.9998
13.04.2018 09:35:36.173 GMT-0400,175.52200000000002,175.477,60,9999.9998
13.04.2018 09:35:36.319 GMT-0400,175.532,175.488,60,300
13.04.2018 09:35:36.821 GMT-0400,175.541,175.48700000000002,63,300
13.04.2018 09:35:37.135 GMT-0400,175.542,175.498,60,10
13.04.2018 09:35:37.724 GMT-0400,175.55200000000002,175.498,60,530
13.04.2018 09:35:37.774 GMT-0400,175.553,175.477,60,9999.9998
13.04.2018 09:35:37.956 GMT-0400,175.542,175.498,60,530
13.04.2018 09:35:38.007 GMT-0400,175.523,175.498,63,530
13.04.2018 09:35:38.640 GMT-0400,175.523,175.507,63,220
13.04.2018 09:35:38.944 GMT-0400,175.543,175.507,60,220
13.04.2018 09:35:39.111 GMT-0400,175.52200000000002,175.508,60,220
13.04.2018 09:35:39.216 GMT-0400,175.52200000000002,175.498,60,450
13.04.2018 09:35:40.086 GMT-0400,175.52200000000002,175.508,60,75
13.04.2018 09:35:40.401 GMT-0400,175.513,175.477,63,64
13.04.2018 09:35:40.454 GMT-0400,175.513,175.488,63,750
13.04.2018 09:35:40.504 GMT-0400,175.523,175.477,60,64
13.04.2018 09:35:40.614 GMT-0400,175.523,175.48700000000002,60,600
13.04.2018 09:35:40.903 GMT-0400,175.523,175.477,60,440
13.04.2018 09:35:41.417 GMT-0400,175.52200000000002,175.478,60,64
13.04.2018 09:35:42.003 GMT-0400,175.512,175.478,60,64
13.04.2018 09:35:42.331 GMT-0400,175.493,175.478,63,64
13.04.2018 09:35:42.381 GMT-0400,175.49200000000002,175.458,60,76
13.04.2018 09:35:42.440 GMT-0400,175.482,175.458,60,76
13.04.2018 09:35:42.541 GMT-0400,175.49200000000002,175.45700000000002,63,76
13.04.2018 09:35:42.983 GMT-0400,175.482,175.458,10,76
13.04.2018 09:35:43.370 GMT-0400,175.455,175.438,60,7499.9998
13.04.2018 09:35:43.420 GMT-0400,175.44299999999998,175.42000000000002,60,7499.9998
13.04.2018 09:35:43.472 GMT-0400,175.452,175.42700000000002,63,460
13.04.2018 09:35:43.523 GMT-0400,175.482,175.448,60,460
13.04.2018 09:35:43.654 GMT-0400,175.483,175.438,60,7499.9998
13.04.2018 09:35:43.704 GMT-0400,175.508,175.478,63,260
13.04.2018 09:35:44.648 GMT-0400,175.513,175.48700000000002,60,75
13.04.2018 09:35:44.698 GMT-0400,175.523,175.48700000000002,60,75
13.04.2018 09:35:44.749 GMT-0400,175.51700000000002,175.48700000000002,63,75
13.04.2018 09:35:44.818 GMT-0400,175.483,175.448,60,7499.9998
13.04.2018 09:35:44.941 GMT-0400,175.46200000000002,175.448,60,7499.9998
13.04.2018 09:35:45.088 GMT-0400,175.453,175.428,60,7499.9998
13.04.2018 09:35:45.192 GMT-0400,175.43900000000002,175.426,63,1
13.04.2018 09:35:45.398 GMT-0400,175.442,175.418,60,800
13.04.2018 09:35:45.448 GMT-0400,175.43200000000002,175.418,60,800
13.04.2018 09:35:46.208 GMT-0400,175.415,175.407,60,7499.9998
13.04.2018 09:35:46.314 GMT-0400,175.433,175.407,60,10800.0003
13.04.2018 09:35:46.559 GMT-0400,175.433,175.417,60,75
13.04.2018 09:35:48.058 GMT-0400,175.43200000000002,175.418,60,450
13.04.2018 09:35:48.654 GMT-0400,175.452,175.418,60,10599.9997
13.04.2018 09:35:49.704 GMT-0400,175.46200000000002,175.418,60,450
13.04.2018 09:35:50.428 GMT-0400,175.463,175.417,10099.9996,450
13.04.2018 09:35:50.586 GMT-0400,175.46200000000002,175.428,60,600
13.04.2018 09:35:51.033 GMT-0400,175.463,175.417,60,450
13.04.2018 09:35:52.127 GMT-0400,175.46200000000002,175.418,60,450
13.04.2018 09:35:52.280 GMT-0400,175.44299999999998,175.417,60,450
13.04.2018 09:35:52.899 GMT-0400,175.442,175.418,60,450
13.04.2018 09:35:53.916 GMT-0400,175.453,175.42700000000002,63,450
13.04.2018 09:35:53.966 GMT-0400,175.44299999999998,175.417,60,450
13.04.2018 09:35:54.489 GMT-0400,175.442,175.418,60,150
13.04.2018 09:35:54.939 GMT-0400,175.433,175.417,60,150
13.04.2018 09:35:55.295 GMT-0400,175.442,175.428,60,300
13.04.2018 09:35:55.861 GMT-0400,175.44299999999998,175.417,60,150
13.04.2018 09:35:55.912 GMT-0400,175.442,175.428,60,190
13.04.2018 09:35:56.728 GMT-0400,175.46,175.437,63,150
13.04.2018 09:35:56.927 GMT-0400,175.453,175.437,60,75
13.04.2018 09:35:56.977 GMT-0400,175.453,175.42700000000002,60,120
13.04.2018 09:35:57.318 GMT-0400,175.44299999999998,175.42700000000002,60,120
13.04.2018 09:35:57.368 GMT-0400,175.452,175.428,60,120
13.04.2018 09:35:57.766 GMT-0400,175.442,175.428,60,120
13.04.2018 09:35:57.895 GMT-0400,175.452,175.428,60,120
13.04.2018 09:35:57.945 GMT-0400,175.44299999999998,175.42700000000002,60,120
13.04.2018 09:35:58.016 GMT-0400,175.452,175.428,60,120
13.04.2018 09:35:58.073 GMT-0400,175.442,175.428,60,120
13.04.2018 09:35:58.174 GMT-0400,175.46200000000002,175.42700000000002,63,190
13.04.2018 09:35:58.361 GMT-0400,175.453,175.42700000000002,63,190
13.04.2018 09:35:59.013 GMT-0400,175.433,175.417,60,150
13.04.2018 09:35:59.625 GMT-0400,175.43200000000002,175.418,60,150
13.04.2018 09:35:59.676 GMT-0400,175.403,175.36700000000002,60,320
13.04.2018 09:35:59.941 GMT-0400,175.403,175.361,60,7499.9998
13.04.2018 09:36:00.618 GMT-0400,175.40200000000002,175.378,60,7499.9998
13.04.2018 09:36:00.956 GMT-0400,175.41299999999998,175.378,60,7499.9998
13.04.2018 09:36:01.049 GMT-0400,175.393,175.378,60,7499.9998
13.04.2018 09:36:01.458 GMT-0400,175.382,175.36,60,7499.9998
13.04.2018 09:36:02.313 GMT-0400,175.372,175.34799999999998,60,520
13.04.2018 09:36:02.364 GMT-0400,175.37900000000002,175.357,63,150
13.04.2018 09:36:02.682 GMT-0400,175.393,175.377,60,75
13.04.2018 09:36:02.842 GMT-0400,175.39200000000002,175.368,60,450
13.04.2018 09:36:03.965 GMT-0400,175.40200000000002,175.387,63,150
13.04.2018 09:36:04.016 GMT-0400,175.422,175.388,60,150
13.04.2018 09:36:04.172 GMT-0400,175.422,175.398,60,75
13.04.2018 09:36:04.222 GMT-0400,175.433,175.39700000000002,2,90
13.04.2018 09:36:04.373 GMT-0400,175.433,175.417,60,75
13.04.2018 09:36:04.424 GMT-0400,175.44299999999998,175.407,60,220
13.04.2018 09:36:04.619 GMT-0400,175.423,175.407,60,220
13.04.2018 09:36:04.669 GMT-0400,175.43200000000002,175.408,60,300
13.04.2018 09:36:04.818 GMT-0400,175.442,175.407,63,300
13.04.2018 09:36:05.079 GMT-0400,175.43200000000002,175.408,60,300
13.04.2018 09:36:05.607 GMT-0400,175.423,175.407,60,300
13.04.2018 09:36:06.052 GMT-0400,175.43200000000002,175.417,63,300
13.04.2018 09:36:06.306 GMT-0400,175.45900000000003,175.418,63,10400
13.04.2018 09:36:06.434 GMT-0400,175.453,175.418,60,7499.9998
13.04.2018 09:36:06.764 GMT-0400,175.452,175.42700000000002,60,7499.9998
13.04.2018 09:36:07.089 GMT-0400,175.453,175.437,60,75
13.04.2018 09:36:07.423 GMT-0400,175.463,175.45000000000002,63,75
13.04.2018 09:36:07.631 GMT-0400,175.47299999999998,175.45700000000002,60,75
13.04.2018 09:36:07.733 GMT-0400,175.46200000000002,175.452,63,75
13.04.2018 09:36:07.788 GMT-0400,175.46200000000002,175.448,63,150
13.04.2018 09:36:07.898 GMT-0400,175.46200000000002,175.438,63,75
13.04.2018 09:36:08.115 GMT-0400,175.442,175.42700000000002,63,7
13.04.2018 09:36:08.166 GMT-0400,175.442,175.417,63,520
13.04.2018 09:36:08.388 GMT-0400,175.442,175.42700000000002,63,76
13.04.2018 09:36:08.671 GMT-0400,175.442,175.418,10099.9996,300
13.04.2018 09:36:08.956 GMT-0400,175.453,175.417,60,300
13.04.2018 09:36:09.060 GMT-0400,175.442,175.418,60,300
13.04.2018 09:36:09.682 GMT-0400,175.44299999999998,175.417,60,76
13.04.2018 09:36:10.032 GMT-0400,175.433,175.407,63,230
13.04.2018 09:36:10.484 GMT-0400,175.423,175.407,60,8
13.04.2018 09:36:10.649 GMT-0400,175.452,175.418,2,310
13.04.2018 09:36:10.791 GMT-0400,175.463,175.417,60,310
13.04.2018 09:36:11.159 GMT-0400,175.453,175.417,60,230
13.04.2018 09:36:11.405 GMT-0400,175.463,175.417,60,230
13.04.2018 09:36:11.488 GMT-0400,175.463,175.437,60,75
13.04.2018 09:36:11.796 GMT-0400,175.453,175.437,60,82
13.04.2018 09:36:11.846 GMT-0400,175.479,175.447,63,150
13.04.2018 09:36:11.963 GMT-0400,175.493,175.447,60,10599.9997
13.04.2018 09:36:12.115 GMT-0400,175.49200000000002,175.478,60,75
13.04.2018 09:36:12.690 GMT-0400,175.493,175.477,60,120
13.04.2018 09:36:13.019 GMT-0400,175.49200000000002,175.468,60,150
13.04.2018 09:36:13.119 GMT-0400,175.472,175.448,60,150
13.04.2018 09:36:13.170 GMT-0400,175.48,175.448,63,230
13.04.2018 09:36:13.629 GMT-0400,175.482,175.458,60,7499.9998
13.04.2018 09:36:13.965 GMT-0400,175.482,175.468,60,230
13.04.2018 09:36:14.630 GMT-0400,175.483,175.467,60,230
13.04.2018 09:36:14.992 GMT-0400,175.49200000000002,175.478,1,150
13.04.2018 09:36:15.331 GMT-0400,175.472,175.46,60,7499.9998
13.04.2018 09:36:15.381 GMT-0400,175.47299999999998,175.447,60,75
13.04.2018 09:36:15.488 GMT-0400,175.452,175.438,60,10
13.04.2018 09:36:15.589 GMT-0400,175.463,175.438,63,220
13.04.2018 09:36:15.689 GMT-0400,175.493,175.447,60,690
13.04.2018 09:36:15.740 GMT-0400,175.493,175.45700000000002,60,680
13.04.2018 09:36:16.246 GMT-0400,175.49200000000002,175.468,60,9
13.04.2018 09:36:16.563 GMT-0400,175.502,175.478,60,89
13.04.2018 09:36:17.089 GMT-0400,175.502,175.488,60,160
13.04.2018 09:36:17.596 GMT-0400,175.503,175.48700000000002,60,84
13.04.2018 09:36:17.646 GMT-0400,175.493,175.467,60,1
13.04.2018 09:36:18.200 GMT-0400,175.49200000000002,175.468,60,1
13.04.2018 09:36:18.596 GMT-0400,175.503,175.467,60,290
13.04.2018 09:36:18.646 GMT-0400,175.502,175.478,60,4
13.04.2018 09:36:19.529 GMT-0400,175.498,175.478,63,4
13.04.2018 09:36:19.629 GMT-0400,175.493,175.467,60,10400
13.04.2018 09:36:20.237 GMT-0400,175.498,175.478,63,240
13.04.2018 09:36:20.389 GMT-0400,175.52200000000002,175.498,11099.9998,87
13.04.2018 09:36:20.501 GMT-0400,175.52200000000002,175.48700000000002,63,450
13.04.2018 09:36:21.109 GMT-0400,175.52200000000002,175.488,10900.0001,380
13.04.2018 09:36:22.183 GMT-0400,175.502,175.478,60,300
13.04.2018 09:36:22.235 GMT-0400,175.483,175.447,60,400
13.04.2018 09:36:22.437 GMT-0400,175.49200000000002,175.458,10200.0004,750
13.04.2018 09:36:23.075 GMT-0400,175.49200000000002,175.468,60,300
13.04.2018 09:36:23.384 GMT-0400,175.503,175.477,60,10599.9997
13.04.2018 09:36:24.295 GMT-0400,175.502,175.468,60,300
13.04.2018 09:36:24.593 GMT-0400,175.49200000000002,175.468,63,300
13.04.2018 09:36:25.105 GMT-0400,175.49200000000002,175.467,63,600
13.04.2018 09:36:25.273 GMT-0400,175.483,175.447,60,75
13.04.2018 09:36:25.331 GMT-0400,175.472,175.448,60,75
13.04.2018 09:36:25.743 GMT-0400,175.452,175.438,60,220
13.04.2018 09:36:26.069 GMT-0400,175.44400000000002,175.43,60,7499.9998
13.04.2018 09:36:26.120 GMT-0400,175.452,175.42700000000002,63,75
13.04.2018 09:36:26.541 GMT-0400,175.453,175.437,60,450
13.04.2018 09:36:27.155 GMT-0400,175.433,175.417,10,450
13.04.2018 09:36:27.206 GMT-0400,175.442,175.418,60,450
13.04.2018 09:36:27.491 GMT-0400,175.453,175.417,10499.9999,450
13.04.2018 09:36:28.096 GMT-0400,175.453,175.42700000000002,10200.0004,150
13.04.2018 09:36:28.672 GMT-0400,175.452,175.428,60,75
13.04.2018 09:36:29.318 GMT-0400,175.453,175.42700000000002,60,75
13.04.2018 09:36:29.975 GMT-0400,175.452,175.428,60,77
13.04.2018 09:36:30.177 GMT-0400,175.44299999999998,175.417,60,450
13.04.2018 09:36:30.535 GMT-0400,175.453,175.417,60,450
13.04.2018 09:36:30.869 GMT-0400,175.452,175.428,60,150
13.04.2018 09:36:31.271 GMT-0400,175.442,175.428,60,230
13.04.2018 09:36:32.350 GMT-0400,175.43200000000002,175.418,60,450
13.04.2018 09:36:32.488 GMT-0400,175.44,175.418,63,750
13.04.2018 09:36:33.034 GMT-0400,175.426,175.419,60,7499.9998
13.04.2018 09:36:33.084 GMT-0400,175.442,175.407,63,75
13.04.2018 09:36:33.773 GMT-0400,175.433,175.407,60,370
13.04.2018 09:36:34.184 GMT-0400,175.433,175.417,60,75
13.04.2018 09:36:34.335 GMT-0400,175.433,175.407,60,300
13.04.2018 09:36:34.642 GMT-0400,175.43200000000002,175.418,60,75
13.04.2018 09:36:34.693 GMT-0400,175.433,175.407,60,300
13.04.2018 09:36:35.068 GMT-0400,175.422,175.388,60,94
13.04.2018 09:36:35.207 GMT-0400,175.394,175.378,60,75
13.04.2018 09:36:35.361 GMT-0400,175.40200000000002,175.378,9999.9998,75
13.04.2018 09:36:35.470 GMT-0400,175.393,175.36700000000002,60,560
13.04.2018 09:36:36.001 GMT-0400,175.39200000000002,175.368,63,520
13.04.2018 09:36:36.051 GMT-0400,175.382,175.368,60,520
13.04.2018 09:36:36.257 GMT-0400,175.353,175.33700000000002,60,470
13.04.2018 09:36:36.449 GMT-0400,175.363,175.34799999999998,63,75
13.04.2018 09:36:36.500 GMT-0400,175.372,175.33900000000003,60,7499.9998
13.04.2018 09:36:37.050 GMT-0400,175.373,175.33900000000003,60,7499.9998
13.04.2018 09:36:37.101 GMT-0400,175.37,175.327,63,11300.0004
13.04.2018 09:36:37.786 GMT-0400,175.373,175.327,10200.0004,970
13.04.2018 09:36:37.938 GMT-0400,175.352,175.328,60,670
13.04.2018 09:36:39.354 GMT-0400,175.342,175.31799999999998,10,820
13.04.2018 09:36:39.405 GMT-0400,175.342,175.308,63,670
13.04.2018 09:36:39.506 GMT-0400,175.342,175.297,63,300
13.04.2018 09:36:39.607 GMT-0400,175.342,175.308,10800.0003,76
13.04.2018 09:36:40.385 GMT-0400,175.333,175.30700000000002,60,76
13.04.2018 09:36:40.462 GMT-0400,175.323,175.287,60,10700.0005
13.04.2018 09:36:40.658 GMT-0400,175.327,175.297,63,75
13.04.2018 09:36:41.478 GMT-0400,175.333,175.297,60,230
13.04.2018 09:36:41.873 GMT-0400,175.323,175.297,60,160
13.04.2018 09:36:42.468 GMT-0400,175.322,175.298,60,160
13.04.2018 09:36:43.101 GMT-0400,175.323,175.297,60,230
13.04.2018 09:36:43.889 GMT-0400,175.322,175.298,60,230
13.04.2018 09:36:44.212 GMT-0400,175.312,175.298,60,610
13.04.2018 09:36:45.070 GMT-0400,175.303,175.287,60,75
13.04.2018 09:36:46.056 GMT-0400,175.312,175.28799999999998,10300.0002,110
13.04.2018 09:36:46.106 GMT-0400,175.312,175.298,60,600
13.04.2018 09:36:46.537 GMT-0400,175.322,175.308,60,150
13.04.2018 09:36:47.539 GMT-0400,175.323,175.30700000000002,60,220
13.04.2018 09:36:47.656 GMT-0400,175.323,175.3,60,7499.9998
13.04.2018 09:36:47.706 GMT-0400,175.313,175.297,60,670
13.04.2018 09:36:48.449 GMT-0400,175.312,175.298,60,520
13.04.2018 09:36:48.550 GMT-0400,175.323,175.30700000000002,60,220
13.04.2018 09:36:48.651 GMT-0400,175.322,175.298,60,600
13.04.2018 09:36:48.875 GMT-0400,175.322,175.308,60,75
13.04.2018 09:36:49.047 GMT-0400,175.322,175.298,60,10700.0005
13.04.2018 09:36:49.296 GMT-0400,175.333,175.298,60,7499.9998
13.04.2018 09:36:49.506 GMT-0400,175.33200000000002,175.298,60,9999.9998
13.04.2018 09:36:50.066 GMT-0400,175.33200000000002,175.298,60,490
13.04.2018 09:36:50.308 GMT-0400,175.333,175.30700000000002,60,75
13.04.2018 09:36:50.633 GMT-0400,175.331,175.297,63,450
13.04.2018 09:36:50.940 GMT-0400,175.323,175.297,60,450
13.04.2018 09:36:52.884 GMT-0400,175.33200000000002,175.298,60,450
13.04.2018 09:36:53.092 GMT-0400,175.333,175.30700000000002,60,75
13.04.2018 09:36:53.659 GMT-0400,175.33200000000002,175.308,60,75
13.04.2018 09:36:53.978 GMT-0400,175.322,175.298,10,450
13.04.2018 09:36:54.090 GMT-0400,175.33200000000002,175.298,60,450
13.04.2018 09:36:54.277 GMT-0400,175.333,175.30700000000002,60,220
13.04.2018 09:36:55.726 GMT-0400,175.33200000000002,175.308,60,230
13.04.2018 09:36:56.048 GMT-0400,175.322,175.308,60,260
13.04.2018 09:36:56.525 GMT-0400,175.312,175.303,60,7499.9998
13.04.2018 09:36:56.627 GMT-0400,175.333,175.30700000000002,10499.9999,520
13.04.2018 09:36:56.678 GMT-0400,175.333,175.297,10499.9999,900
13.04.2018 09:36:57.158 GMT-0400,175.33200000000002,175.308,60,230
13.04.2018 09:36:58.079 GMT-0400,175.33200000000002,175.31799999999998,60,75
13.04.2018 09:36:58.728 GMT-0400,175.333,175.317,60,76
13.04.2018 09:36:59.098 GMT-0400,175.352,175.338,60,75
13.04.2018 09:36:59.252 GMT-0400,175.352,175.31799999999998,60,340
13.04.2018 09:36:59.448 GMT-0400,175.353,175.317,60,9999.9998
13.04.2018 09:36:59.530 GMT-0400,175.343,175.317,60,10099.9996
13.04.2018 09:36:59.580 GMT-0400,175.352,175.328,60,75
13.04.2018 09:36:59.631 GMT-0400,175.343,175.317,60,48
13.04.2018 09:37:00.061 GMT-0400,175.353,175.33700000000002,60,75
13.04.2018 09:37:00.112 GMT-0400,175.352,175.31799999999998,60,10499.9999
13.04.2018 09:37:00.485 GMT-0400,175.368,175.33700000000002,63,75
13.04.2018 09:37:00.797 GMT-0400,175.382,175.338,60,11099.9998
13.04.2018 09:37:00.938 GMT-0400,175.39200000000002,175.358,10300.0002,150
13.04.2018 09:37:01.295 GMT-0400,175.39200000000002,175.368,63,220
13.04.2018 09:37:01.828 GMT-0400,175.40200000000002,175.368,60,220
13.04.2018 09:37:02.469 GMT-0400,175.383,175.36700000000002,63,220
13.04.2018 09:37:02.677 GMT-0400,175.382,175.347,60,9999.9998
13.04.2018 09:37:02.727 GMT-0400,175.383,175.36700000000002,63,75
13.04.2018 09:37:02.988 GMT-0400,175.382,175.358,60,1
13.04.2018 09:37:03.496 GMT-0400,175.383,175.357,60,10499.9999
13.04.2018 09:37:04.009 GMT-0400,175.383,175.36700000000002,60,75
13.04.2018 09:37:04.110 GMT-0400,175.382,175.358,60,380
13.04.2018 09:37:05.398 GMT-0400,175.383,175.357,60,380
13.04.2018 09:37:06.886 GMT-0400,175.382,175.358,60,380
13.04.2018 09:37:07.001 GMT-0400,175.383,175.36700000000002,60,1
13.04.2018 09:37:07.524 GMT-0400,175.363,175.34799999999998,63,300
13.04.2018 09:37:07.576 GMT-0400,175.363,175.33700000000002,11199.9996,370
13.04.2018 09:37:07.843 GMT-0400,175.36200000000002,175.328,60,250
13.04.2018 09:37:08.294 GMT-0400,175.372,175.328,60,220
13.04.2018 09:37:08.353 GMT-0400,175.36200000000002,175.328,63,220
13.04.2018 09:37:08.721 GMT-0400,175.372,175.34,60,7499.9998
13.04.2018 09:37:08.845 GMT-0400,175.39200000000002,175.358,60,300
13.04.2018 09:37:08.936 GMT-0400,175.393,175.36700000000002,10200.0004,670
13.04.2018 09:37:08.987 GMT-0400,175.393,175.361,60,7499.9998
13.04.2018 09:37:09.405 GMT-0400,175.39200000000002,175.368,60,69
13.04.2018 09:37:09.556 GMT-0400,175.373,175.33700000000002,60,820
13.04.2018 09:37:09.607 GMT-0400,175.372,175.34799999999998,60,150
13.04.2018 09:37:09.909 GMT-0400,175.383,175.347,10599.9997,150
13.04.2018 09:37:10.454 GMT-0400,175.373,175.33700000000002,60,750
13.04.2018 09:37:10.597 GMT-0400,175.383,175.33700000000002,10200.0004,670
13.04.2018 09:37:10.890 GMT-0400,175.383,175.327,10200.0004,600
13.04.2018 09:37:11.190 GMT-0400,175.382,175.338,60,600
13.04.2018 09:37:11.291 GMT-0400,175.383,175.327,10599.9997,600
13.04.2018 09:37:11.341 GMT-0400,175.383,175.33700000000002,10200.0004,750
13.04.2018 09:37:11.495 GMT-0400,175.382,175.328,60,600
13.04.2018 09:37:11.546 GMT-0400,175.373,175.327,60,600
13.04.2018 09:37:12.167 GMT-0400,175.372,175.328,60,600
13.04.2018 09:37:12.756 GMT-0400,175.373,175.327,10,300
13.04.2018 09:37:13.126 GMT-0400,175.372,175.338,60,150
13.04.2018 09:37:13.599 GMT-0400,175.353,175.33700000000002,60,150
13.04.2018 09:37:13.687 GMT-0400,175.352,175.327,63,220
13.04.2018 09:37:14.314 GMT-0400,175.352,175.328,10099.9996,220
13.04.2018 09:37:14.550 GMT-0400,175.33200000000002,175.31799999999998,60,450
13.04.2018 09:37:14.601 GMT-0400,175.352,175.31799999999998,60,450
13.04.2018 09:37:15.668 GMT-0400,175.353,175.317,60,210
13.04.2018 09:37:16.327 GMT-0400,175.352,175.328,60,75
13.04.2018 09:37:16.689 GMT-0400,175.343,175.317,25,580
13.04.2018 09:37:17.267 GMT-0400,175.342,175.31799999999998,9999.9998,580
13.04.2018 09:37:18.528 GMT-0400,175.343,175.317,60,210
13.04.2018 09:37:19.297 GMT-0400,175.342,175.31799999999998,60,280
13.04.2018 09:37:19.757 GMT-0400,175.323,175.297,60,10599.9997
13.04.2018 09:37:20.314 GMT-0400,175.322,175.298,60,150
13.04.2018 09:37:20.726 GMT-0400,175.322,175.308,60,600
13.04.2018 09:37:21.279 GMT-0400,175.323,175.30700000000002,60,600
13.04.2018 09:37:21.821 GMT-0400,175.322,175.30700000000002,63,75
13.04.2018 09:37:21.872 GMT-0400,175.313,175.28799999999998,63,370
13.04.2018 09:37:21.991 GMT-0400,175.313,175.298,63,75
13.04.2018 09:37:22.353 GMT-0400,175.323,175.297,60,10200.0004
13.04.2018 09:37:22.403 GMT-0400,175.323,175.30700000000002,60,150
13.04.2018 09:37:23.183 GMT-0400,175.322,175.308,60,300
13.04.2018 09:37:23.448 GMT-0400,175.321,175.297,63,300
13.04.2018 09:37:24.021 GMT-0400,175.321,175.298,63,75
13.04.2018 09:37:24.220 GMT-0400,175.323,175.30700000000002,60,150
13.04.2018 09:37:24.349 GMT-0400,175.323,175.297,11099.9998,150
13.04.2018 09:37:24.450 GMT-0400,175.312,175.298,60,10200.0004
13.04.2018 09:37:24.500 GMT-0400,175.322,175.298,60,150
13.04.2018 09:37:25.148 GMT-0400,175.323,175.297,60,150
13.04.2018 09:37:25.447 GMT-0400,175.33200000000002,175.317,63,300
13.04.2018 09:37:25.498 GMT-0400,175.333,175.298,60,7499.9998
13.04.2018 09:37:25.644 GMT-0400,175.33200000000002,175.308,60,53
13.04.2018 09:37:26.204 GMT-0400,175.323,175.297,60,200
13.04.2018 09:37:26.488 GMT-0400,175.33200000000002,175.297,63,350
13.04.2018 09:37:26.576 GMT-0400,175.323,175.297,60,350
13.04.2018 09:37:26.975 GMT-0400,175.313,175.297,63,280
13.04.2018 09:37:27.298 GMT-0400,175.30200000000002,175.28799999999998,60,300
13.04.2018 09:37:27.663 GMT-0400,175.323,175.287,60,300
13.04.2018 09:37:27.957 GMT-0400,175.322,175.298,60,220
13.04.2018 09:37:28.112 GMT-0400,175.323,175.287,60,150
13.04.2018 09:37:28.616 GMT-0400,175.322,175.28799999999998,60,220
13.04.2018 09:37:29.217 GMT-0400,175.313,175.287,60,62
13.04.2018 09:37:29.824 GMT-0400,175.323,175.287,60,140
13.04.2018 09:37:29.875 GMT-0400,175.323,175.28099999999998,60,7499.9998
13.04.2018 09:37:30.233 GMT-0400,175.30200000000002,175.278,63,150
13.04.2018 09:37:30.397 GMT-0400,175.323,175.287,60,520
13.04.2018 09:37:30.941 GMT-0400,175.322,175.308,60,75
13.04.2018 09:37:30.992 GMT-0400,175.323,175.298,60,7499.9998
13.04.2018 09:37:31.143 GMT-0400,175.333,175.298,60,7499.9998
13.04.2018 09:37:31.234 GMT-0400,175.352,175.308,10400,680
13.04.2018 09:37:31.284 GMT-0400,175.353,175.327,2,82
13.04.2018 09:37:31.335 GMT-0400,175.353,175.31799999999998,2,7499.9998
13.04.2018 09:37:31.457 GMT-0400,175.359,175.31799999999998,63,7499.9998
13.04.2018 09:37:31.507 GMT-0400,175.373,175.33700000000002,60,450
13.04.2018 09:37:31.734 GMT-0400,175.383,175.33700000000002,10599.9997,450
13.04.2018 09:37:32.132 GMT-0400,175.382,175.358,60,75
13.04.2018 09:37:32.936 GMT-0400,175.383,175.357,60,75
13.04.2018 09:37:33.532 GMT-0400,175.382,175.358,60,300
13.04.2018 09:37:33.883 GMT-0400,175.372,175.35,60,7499.9998
13.04.2018 09:37:34.294 GMT-0400,175.383,175.375,63,75
13.04.2018 09:37:34.345 GMT-0400,175.382,175.34,60,7499.9998
13.04.2018 09:37:34.694 GMT-0400,175.383,175.347,35,670
13.04.2018 09:37:34.903 GMT-0400,175.383,175.34,60,7499.9998
13.04.2018 09:37:35.801 GMT-0400,175.383,175.33700000000002,60,520
13.04.2018 09:37:36.006 GMT-0400,175.354,175.338,60,450
13.04.2018 09:37:37.113 GMT-0400,175.353,175.33700000000002,35,530
13.04.2018 09:37:37.494 GMT-0400,175.363,175.347,60,370
13.04.2018 09:37:38.504 GMT-0400,175.36200000000002,175.347,60,7499.9998
13.04.2018 09:37:38.555 GMT-0400,175.393,175.357,60,130
13.04.2018 09:37:38.762 GMT-0400,175.382,175.358,60,130
13.04.2018 09:37:39.291 GMT-0400,175.383,175.357,60,130
13.04.2018 09:37:39.614 GMT-0400,175.393,175.36700000000002,60,7
13.04.2018 09:37:39.665 GMT-0400,175.39200000000002,175.358,60,370
13.04.2018 09:37:40.188 GMT-0400,175.393,175.347,60,10700.0005
13.04.2018 09:37:40.238 GMT-0400,175.393,175.347,60,9999.9998
13.04.2018 09:37:41.305 GMT-0400,175.39200000000002,175.368,60,76
13.04.2018 09:37:42.441 GMT-0400,175.39200000000002,175.36,60,9999.9998
13.04.2018 09:37:43.424 GMT-0400,175.383,175.36700000000002,60,530
13.04.2018 09:37:43.612 GMT-0400,175.393,175.36700000000002,60,530
13.04.2018 09:37:44.378 GMT-0400,175.39200000000002,175.368,60,830
13.04.2018 09:37:44.428 GMT-0400,175.39200000000002,175.378,60,300
13.04.2018 09:37:44.494 GMT-0400,175.39200000000002,175.368,60,830
13.04.2018 09:37:44.639 GMT-0400,175.393,175.377,60,75
13.04.2018 09:37:45.500 GMT-0400,175.39200000000002,175.378,60,150
13.04.2018 09:37:45.917 GMT-0400,175.393,175.36700000000002,60,530
13.04.2018 09:37:45.967 GMT-0400,175.373,175.347,60,11300.0004
13.04.2018 09:37:46.492 GMT-0400,175.364,175.347,60,11199.9996
13.04.2018 09:37:46.997 GMT-0400,175.36200000000002,175.34799999999998,60,820
13.04.2018 09:37:48.155 GMT-0400,175.363,175.347,60,820
13.04.2018 09:37:48.206 GMT-0400,175.36200000000002,175.328,60,670
13.04.2018 09:37:48.500 GMT-0400,175.36200000000002,175.321,63,7499.9998
13.04.2018 09:37:49.222 GMT-0400,175.363,175.317,60,220
13.04.2018 09:37:49.509 GMT-0400,175.353,175.317,60,490
13.04.2018 09:37:49.814 GMT-0400,175.36200000000002,175.338,60,7499.9998
13.04.2018 09:37:50.281 GMT-0400,175.36200000000002,175.34799999999998,60,220
13.04.2018 09:37:50.346 GMT-0400,175.363,175.338,60,7499.9998
13.04.2018 09:37:50.648 GMT-0400,175.363,175.327,60,370
13.04.2018 09:37:51.159 GMT-0400,175.363,175.33700000000002,1,7499.9998
13.04.2018 09:37:51.402 GMT-0400,175.393,175.357,60,75
13.04.2018 09:37:51.638 GMT-0400,175.393,175.347,60,300
13.04.2018 09:37:51.740 GMT-0400,175.382,175.34799999999998,1,300
13.04.2018 09:37:51.850 GMT-0400,175.393,175.358,60,7499.9998
13.04.2018 09:37:52.238 GMT-0400,175.39200000000002,175.358,60,9999.9998
13.04.2018 09:37:52.664 GMT-0400,175.39200000000002,175.378,1,150
13.04.2018 09:37:52.815 GMT-0400,175.383,175.357,10,75
13.04.2018 09:37:52.915 GMT-0400,175.39200000000002,175.358,10599.9997,600
13.04.2018 09:37:53.081 GMT-0400,175.39200000000002,175.368,10499.9999,75
13.04.2018 09:37:53.415 GMT-0400,175.39200000000002,175.378,60,75
13.04.2018 09:37:53.465 GMT-0400,175.39200000000002,175.368,60,450
13.04.2018 09:37:53.631 GMT-0400,175.39200000000002,175.34799999999998,60,370
13.04.2018 09:37:54.296 GMT-0400,175.393,175.357,10499.9999,150
13.04.2018 09:37:54.640 GMT-0400,175.383,175.327,60,9999.9998
13.04.2018 09:37:55.364 GMT-0400,175.382,175.34799999999998,60,1
13.04.2018 09:37:56.056 GMT-0400,175.373,175.357,60,75
13.04.2018 09:37:56.580 GMT-0400,175.39200000000002,175.36700000000002,63,150
13.04.2018 09:37:56.683 GMT-0400,175.393,175.357,60,370
13.04.2018 09:37:56.787 GMT-0400,175.372,175.358,31,370
13.04.2018 09:37:57.401 GMT-0400,175.373,175.357,31,380
13.04.2018 09:37:58.207 GMT-0400,175.372,175.358,31,330
13.04.2018 09:37:58.786 GMT-0400,175.373,175.347,60,1
13.04.2018 09:37:58.946 GMT-0400,175.382,175.347,63,1
13.04.2018 09:37:59.060 GMT-0400,175.382,175.358,60,75
13.04.2018 09:37:59.614 GMT-0400,175.40200000000002,175.368,60,7
13.04.2018 09:37:59.664 GMT-0400,175.39200000000002,175.358,60,450
13.04.2018 09:37:59.715 GMT-0400,175.40200000000002,175.358,11400.0002,75
13.04.2018 09:37:59.859 GMT-0400,175.39200000000002,175.358,60,75
13.04.2018 09:38:00.901 GMT-0400,175.40200000000002,175.368,60,600
13.04.2018 09:38:00.952 GMT-0400,175.403,175.357,60,76
13.04.2018 09:38:01.113 GMT-0400,175.403,175.377,60,75
13.04.2018 09:38:01.461 GMT-0400,175.393,175.36700000000002,60,7499.9998
13.04.2018 09:38:01.904 GMT-0400,175.39200000000002,175.358,60,530
13.04.2018 09:38:02.185 GMT-0400,175.393,175.36700000000002,60,75
13.04.2018 09:38:02.236 GMT-0400,175.403,175.36700000000002,11199.9996,75
13.04.2018 09:38:02.488 GMT-0400,175.403,175.377,11099.9998,75
13.04.2018 09:38:03.015 GMT-0400,175.418,175.378,9999.9998,7499.9998
13.04.2018 09:38:03.167 GMT-0400,175.373,175.347,60,1
13.04.2018 09:38:03.474 GMT-0400,175.352,175.328,60,10499.9999
13.04.2018 09:38:03.524 GMT-0400,175.352,175.321,60,7499.9998
13.04.2018 09:38:04.475 GMT-0400,175.353,175.317,60,340
13.04.2018 09:38:04.987 GMT-0400,175.352,175.31799999999998,60,150
13.04.2018 09:38:05.114 GMT-0400,175.353,175.327,60,150
13.04.2018 09:38:05.677 GMT-0400,175.333,175.317,60,150
13.04.2018 09:38:05.728 GMT-0400,175.323,175.298,60,7499.9998
13.04.2018 09:38:06.640 GMT-0400,175.322,175.298,60,10200.0004
13.04.2018 09:38:07.492 GMT-0400,175.333,175.308,63,90
13.04.2018 09:38:07.543 GMT-0400,175.343,175.317,60,670
13.04.2018 09:38:08.022 GMT-0400,175.333,175.31799999999998,63,150
13.04.2018 09:38:08.319 GMT-0400,175.333,175.30700000000002,63,670
13.04.2018 09:38:08.490 GMT-0400,175.343,175.31,60,7499.9998
13.04.2018 09:38:08.596 GMT-0400,175.343,175.317,60,370
13.04.2018 09:38:08.868 GMT-0400,175.282,175.252,60,7499.9998
13.04.2018 09:38:08.920 GMT-0400,175.292,175.252,10200.0004,7499.9998
13.04.2018 09:38:09.039 GMT-0400,175.292,175.258,10200.0004,750
13.04.2018 09:38:09.271 GMT-0400,175.292,175.252,10200.0004,7499.9998
13.04.2018 09:38:09.505 GMT-0400,175.292,175.26700000000002,63,75
13.04.2018 09:38:09.556 GMT-0400,175.303,175.26700000000002,60,370
13.04.2018 09:38:09.779 GMT-0400,175.30200000000002,175.27700000000002,63,75
13.04.2018 09:38:10.309 GMT-0400,175.30200000000002,175.278,10200.0004,600
13.04.2018 09:38:10.389 GMT-0400,175.30200000000002,175.268,10200.0004,450
13.04.2018 09:38:11.430 GMT-0400,175.303,175.26700000000002,60,150
13.04.2018 09:38:12.090 GMT-0400,175.30200000000002,175.268,60,150
13.04.2018 09:38:12.888 GMT-0400,175.303,175.26700000000002,60,150
13.04.2018 09:38:13.103 GMT-0400,175.293,175.257,60,9999.9998
13.04.2018 09:38:13.879 GMT-0400,175.273,175.257,60,150
13.04.2018 09:38:14.574 GMT-0400,175.27200000000002,175.248,60,10099.9996
13.04.2018 09:38:14.712 GMT-0400,175.263,175.248,60,7499.9998
13.04.2018 09:38:15.230 GMT-0400,175.263,175.247,60,2
13.04.2018 09:38:15.593 GMT-0400,175.27200000000002,175.258,60,220
13.04.2018 09:38:16.010 GMT-0400,175.263,175.248,60,7499.9998
13.04.2018 09:38:16.360 GMT-0400,175.268,175.23700000000002,63,230
13.04.2018 09:38:16.411 GMT-0400,175.26,175.23700000000002,63,230
13.04.2018 09:38:16.464 GMT-0400,175.26,175.227,63,10300.0002
13.04.2018 09:38:16.604 GMT-0400,175.26,175.247,63,220
13.04.2018 09:38:16.734 GMT-0400,175.273,175.247,60,220
13.04.2018 09:38:17.237 GMT-0400,175.27200000000002,175.248,60,300
13.04.2018 09:38:18.142 GMT-0400,175.262,175.248,60,220
13.04.2018 09:38:18.485 GMT-0400,175.27200000000002,175.258,60,75
13.04.2018 09:38:18.535 GMT-0400,175.27200000000002,175.248,60,450
13.04.2018 09:38:19.204 GMT-0400,175.273,175.257,60,75
13.04.2018 09:38:19.866 GMT-0400,175.262,175.24200000000002,10,7499.9998
13.04.2018 09:38:19.917 GMT-0400,175.27200000000002,175.24200000000002,60,7499.9998
13.04.2018 09:38:20.132 GMT-0400,175.253,175.227,60,450
13.04.2018 09:38:20.700 GMT-0400,175.253,175.20700000000002,60,9999.9998
13.04.2018 09:38:20.751 GMT-0400,175.253,175.217,60,1270
13.04.2018 09:38:21.449 GMT-0400,175.232,175.208,60,7499.9998
13.04.2018 09:38:21.550 GMT-0400,175.243,175.20700000000002,10499.9999,75
13.04.2018 09:38:22.346 GMT-0400,175.24200000000002,175.208,60,600
13.04.2018 09:38:22.447 GMT-0400,175.232,175.208,10,600
13.04.2018 09:38:22.498 GMT-0400,175.253,175.20700000000002,60,600
13.04.2018 09:38:22.548 GMT-0400,175.24200000000002,175.208,58,600
13.04.2018 09:38:22.599 GMT-0400,175.233,175.197,10,14700.0002
13.04.2018 09:38:22.715 GMT-0400,175.24200000000002,175.208,60,75
13.04.2018 09:38:23.329 GMT-0400,175.243,175.20700000000002,60,75
13.04.2018 09:38:23.679 GMT-0400,175.24200000000002,175.198,60,14700.0002
13.04.2018 09:38:23.877 GMT-0400,175.183,175.157,10,370
13.04.2018 09:38:23.927 GMT-0400,175.192,175.158,60,310
13.04.2018 09:38:24.153 GMT-0400,175.203,175.153,60,7499.9998
13.04.2018 09:38:24.203 GMT-0400,175.19299999999998,175.153,60,7499.9998
13.04.2018 09:38:24.522 GMT-0400,175.202,175.158,60,970
13.04.2018 09:38:24.781 GMT-0400,175.21200000000002,175.188,10599.9997,7
13.04.2018 09:38:24.921 GMT-0400,175.213,175.17700000000002,2,220
13.04.2018 09:38:24.990 GMT-0400,175.222,175.178,60,220
13.04.2018 09:38:25.485 GMT-0400,175.227,175.187,63,220
13.04.2018 09:38:25.834 GMT-0400,175.24200000000002,175.188,60,520
13.04.2018 09:38:25.885 GMT-0400,175.252,175.208,60,76
13.04.2018 09:38:26.213 GMT-0400,175.22299999999998,175.187,60,450
13.04.2018 09:38:26.264 GMT-0400,175.232,175.188,60,450
13.04.2018 09:38:26.810 GMT-0400,175.233,175.187,17,520
13.04.2018 09:38:27.211 GMT-0400,175.233,175.197,60,150
13.04.2018 09:38:27.516 GMT-0400,175.233,175.217,60,300
13.04.2018 09:38:27.753 GMT-0400,175.253,175.217,60,300
13.04.2018 09:38:28.455 GMT-0400,175.253,175.227,60,120
13.04.2018 09:38:28.593 GMT-0400,175.262,175.227,63,350
13.04.2018 09:38:28.696 GMT-0400,175.262,175.24599999999998,63,10
13.04.2018 09:38:28.746 GMT-0400,175.283,175.24200000000002,60,7499.9998
13.04.2018 09:38:28.847 GMT-0400,175.282,175.248,60,220
13.04.2018 09:38:29.287 GMT-0400,175.292,175.268,10800.0003,150
13.04.2018 09:38:29.338 GMT-0400,175.3,175.258,63,7499.9998
13.04.2018 09:38:29.459 GMT-0400,175.3,175.278,63,160
13.04.2018 09:38:29.510 GMT-0400,175.312,175.278,60,210
13.04.2018 09:38:29.611 GMT-0400,175.31900000000002,175.278,63,210
13.04.2018 09:38:30.203 GMT-0400,175.31900000000002,175.28799999999998,63,75
13.04.2018 09:38:30.488 GMT-0400,175.333,175.287,60,9999.9998
13.04.2018 09:38:31.492 GMT-0400,175.342,175.308,60,7
13.04.2018 09:38:31.543 GMT-0400,175.343,175.297,60,380
13.04.2018 09:38:31.653 GMT-0400,175.35,175.317,63,150
13.04.2018 09:38:32.242 GMT-0400,175.35,175.31799999999998,63,150
13.04.2018 09:38:32.747 GMT-0400,175.352,175.31799999999998,60,150
13.04.2018 09:38:33.137 GMT-0400,175.343,175.317,60,150
13.04.2018 09:38:33.322 GMT-0400,175.33200000000002,175.298,60,150
13.04.2018 09:38:33.504 GMT-0400,175.312,175.298,1,150
13.04.2018 09:38:34.018 GMT-0400,175.313,175.297,1,150
13.04.2018 09:38:34.068 GMT-0400,175.333,175.297,63,230
13.04.2018 09:38:34.358 GMT-0400,175.343,175.297,60,230
13.04.2018 09:38:34.629 GMT-0400,175.342,175.308,60,75
13.04.2018 09:38:34.835 GMT-0400,175.353,175.30700000000002,60,520
13.04.2018 09:38:34.969 GMT-0400,175.353,175.278,60,9999.9998
13.04.2018 09:38:35.215 GMT-0400,175.373,175.327,60,10499.9999
13.04.2018 09:38:35.265 GMT-0400,175.372,175.34799999999998,60,75
13.04.2018 09:38:35.805 GMT-0400,175.373,175.347,60,75
13.04.2018 09:38:36.165 GMT-0400,175.363,175.347,60,76
13.04.2018 09:38:36.266 GMT-0400,175.383,175.347,60,460
13.04.2018 09:38:36.976 GMT-0400,175.382,175.34799999999998,60,230
13.04.2018 09:38:37.078 GMT-0400,175.36200000000002,175.338,63,75
13.04.2018 09:38:37.255 GMT-0400,175.373,175.34799999999998,60,7499.9998
13.04.2018 09:38:37.342 GMT-0400,175.37,175.327,63,370
13.04.2018 09:38:37.838 GMT-0400,175.352,175.328,11,150
13.04.2018 09:38:38.219 GMT-0400,175.352,175.338,60,7499.9998
13.04.2018 09:38:38.460 GMT-0400,175.372,175.338,60,7499.9998
13.04.2018 09:38:38.898 GMT-0400,175.373,175.347,60,75
13.04.2018 09:38:39.188 GMT-0400,175.383,175.347,60,150
13.04.2018 09:38:39.965 GMT-0400,175.378,175.347,63,150
13.04.2018 09:38:40.016 GMT-0400,175.333,175.317,60,76
13.04.2018 09:38:40.997 GMT-0400,175.33200000000002,175.31799999999998,60,76
13.04.2018 09:38:41.185 GMT-0400,175.333,175.30700000000002,60,370
13.04.2018 09:38:41.688 GMT-0400,175.33200000000002,175.31,60,7499.9998
13.04.2018 09:38:42.215 GMT-0400,175.333,175.31,60,7499.9998
13.04.2018 09:38:42.850 GMT-0400,175.33200000000002,175.308,60,220
13.04.2018 09:38:43.674 GMT-0400,175.323,175.30700000000002,60,230
13.04.2018 09:38:43.725 GMT-0400,175.333,175.30700000000002,60,530
13.04.2018 09:38:43.972 GMT-0400,175.352,175.308,60,10800.0003
13.04.2018 09:38:44.668 GMT-0400,175.36200000000002,175.308,10999.9999,10800.0003
13.04.2018 09:38:44.718 GMT-0400,175.36200000000002,175.327,63,160
13.04.2018 09:38:45.083 GMT-0400,175.363,175.33700000000002,60,75
13.04.2018 09:38:45.605 GMT-0400,175.353,175.33700000000002,60,220
13.04.2018 09:38:46.161 GMT-0400,175.352,175.338,60,220
13.04.2018 09:38:46.681 GMT-0400,175.353,175.33700000000002,60,300
13.04.2018 09:38:46.732 GMT-0400,175.38,175.33700000000002,63,600
13.04.2018 09:38:46.887 GMT-0400,175.38,175.358,63,82
13.04.2018 09:38:46.938 GMT-0400,175.38,175.338,63,520
13.04.2018 09:38:47.073 GMT-0400,175.38,175.327,63,9999.9998
13.04.2018 09:38:47.692 GMT-0400,175.393,175.327,60,9999.9998
13.04.2018 09:38:48.519 GMT-0400,175.39200000000002,175.34799999999998,60,76
13.04.2018 09:38:48.570 GMT-0400,175.393,175.357,60,75
13.04.2018 09:38:48.691 GMT-0400,175.393,175.347,60,1
13.04.2018 09:38:49.498 GMT-0400,175.39200000000002,175.368,60,150
13.04.2018 09:38:50.200 GMT-0400,175.393,175.36700000000002,60,370
13.04.2018 09:38:50.873 GMT-0400,175.39200000000002,175.368,10,370
13.04.2018 09:38:51.399 GMT-0400,175.393,175.36700000000002,60,380
13.04.2018 09:38:52.015 GMT-0400,175.375,175.358,60,7499.9998
13.04.2018 09:38:52.065 GMT-0400,175.382,175.358,60,150
13.04.2018 09:38:52.239 GMT-0400,175.388,175.358,63,150
13.04.2018 09:38:52.413 GMT-0400,175.373,175.34799999999998,60,7499.9998
13.04.2018 09:38:53.094 GMT-0400,175.372,175.34799999999998,60,220
13.04.2018 09:38:54.304 GMT-0400,175.373,175.347,60,300
13.04.2018 09:38:54.940 GMT-0400,175.381,175.347,63,300
13.04.2018 09:38:55.094 GMT-0400,175.39200000000002,175.358,60,7499.9998
13.04.2018 09:38:55.582 GMT-0400,175.382,175.358,60,7499.9998
13.04.2018 09:38:56.051 GMT-0400,175.383,175.347,60,670
13.04.2018 09:38:56.102 GMT-0400,175.39200000000002,175.34799999999998,60,300
13.04.2018 09:38:56.278 GMT-0400,175.39200000000002,175.358,60,1
13.04.2018 09:38:56.913 GMT-0400,175.393,175.357,10200.0004,750
13.04.2018 09:38:57.672 GMT-0400,175.39200000000002,175.358,60,9999.9998
13.04.2018 09:38:58.193 GMT-0400,175.393,175.358,60,7499.9998
13.04.2018 09:38:59.019 GMT-0400,175.39200000000002,175.358,60,230
13.04.2018 09:38:59.213 GMT-0400,175.382,175.358,60,230
13.04.2018 09:38:59.264 GMT-0400,175.393,175.357,60,230
