Local time,Ask,Bid,AskVolume,BidVolume
10.04.2018 09:30:00.057 GMT-0400,173.15200000000002,173.088,100,100
10.04.2018 09:30:00.591 GMT-0400,173.02200000000002,172.948,100,250
10.04.2018 09:30:00.897 GMT-0400,173.003,172.947,63,160
10.04.2018 09:30:01.244 GMT-0400,173.02200000000002,172.99200000000002,100,7499.9998
10.04.2018 09:30:01.395 GMT-0400,173.033,172.99200000000002,120,7499.9998
10.04.2018 09:30:01.445 GMT-0400,173.053,173.02700000000002,10999.9999,75
10.04.2018 09:30:01.496 GMT-0400,173.033,172.99200000000002,100,7499.9998
10.04.2018 09:30:01.596 GMT-0400,173.05200000000002,172.99200000000002,10999.9999,7499.9998
10.04.2018 09:30:02.025 GMT-0400,173.023,172.99200000000002,100,7499.9998
10.04.2018 09:30:02.077 GMT-0400,173.02200000000002,172.978,200,10
10.04.2018 09:30:02.178 GMT-0400,173.05200000000002,172.978,10900.0001,75
10.04.2018 09:30:02.228 GMT-0400,173.032,172.978,110,75
10.04.2018 09:30:02.540 GMT-0400,173.05200000000002,172.978,10900.0001,150
10.04.2018 09:30:02.668 GMT-0400,173.05200000000002,172.998,690,7499.9998
10.04.2018 09:30:03.045 GMT-0400,173.053,172.977,10900.0001,150
10.04.2018 09:30:03.807 GMT-0400,173.05200000000002,172.998,10999.9999,75
10.04.2018 09:30:04.044 GMT-0400,173.053,172.997,840,75
10.04.2018 09:30:04.208 GMT-0400,173.053,172.977,840,220
10.04.2018 09:30:04.258 GMT-0400,173.053,172.977,11099.9998,220
10.04.2018 09:30:05.188 GMT-0400,173.05200000000002,172.978,11099.9998,220
10.04.2018 09:30:05.290 GMT-0400,173.053,172.997,840,130
10.04.2018 09:30:05.580 GMT-0400,173.05200000000002,173.008,120,220
10.04.2018 09:30:05.680 GMT-0400,173.063,173.008,41,7499.9998
10.04.2018 09:30:06.043 GMT-0400,173.063,173.007,9999.9998,75
10.04.2018 09:30:06.172 GMT-0400,173.043,172.997,410,130
10.04.2018 09:30:06.824 GMT-0400,173.042,172.998,410,140
10.04.2018 09:30:07.043 GMT-0400,173.063,172.997,140,140
10.04.2018 09:30:07.539 GMT-0400,173.063,173.02700000000002,260,75
10.04.2018 09:30:07.851 GMT-0400,173.053,173.02700000000002,140,150
10.04.2018 09:30:08.561 GMT-0400,173.063,173.037,410,7
10.04.2018 09:30:08.611 GMT-0400,173.083,173.037,9999.9998,380
10.04.2018 09:30:08.712 GMT-0400,173.083,173.02700000000002,10099.9996,300
10.04.2018 09:30:08.827 GMT-0400,173.102,173.065,12900.0004,76
10.04.2018 09:30:08.877 GMT-0400,173.102,173.078,100,150
10.04.2018 09:30:08.978 GMT-0400,173.11200000000002,173.088,220,4
10.04.2018 09:30:09.446 GMT-0400,173.092,173.078,95,150
10.04.2018 09:30:09.773 GMT-0400,173.11200000000002,173.088,28,75
10.04.2018 09:30:09.873 GMT-0400,173.103,173.067,10,150
10.04.2018 09:30:09.924 GMT-0400,173.08200000000002,173.058,120,75
10.04.2018 09:30:09.974 GMT-0400,173.08200000000002,173.042,300,7499.9998
10.04.2018 09:30:10.076 GMT-0400,173.072,173.042,370,7499.9998
10.04.2018 09:30:10.491 GMT-0400,173.072,173.028,300,220
10.04.2018 09:30:10.617 GMT-0400,173.043,173.007,200,150
10.04.2018 09:30:10.759 GMT-0400,173.05200000000002,173.008,100,75
10.04.2018 09:30:10.809 GMT-0400,173.063,173.037,220,1200.0001
10.04.2018 09:30:11.765 GMT-0400,173.062,173.03799999999998,200,1200.0001
10.04.2018 09:30:12.029 GMT-0400,173.093,173.047,10300.0002,7
10.04.2018 09:30:12.679 GMT-0400,173.062,173.03799999999998,200,76
10.04.2018 09:30:12.780 GMT-0400,173.08200000000002,173.03799999999998,10099.9996,76
10.04.2018 09:30:13.039 GMT-0400,173.083,173.037,200,150
10.04.2018 09:30:13.771 GMT-0400,173.083,173.047,220,150
10.04.2018 09:30:14.084 GMT-0400,173.073,173.037,160,230
10.04.2018 09:30:14.184 GMT-0400,173.08200000000002,173.03799999999998,300,230
10.04.2018 09:30:14.914 GMT-0400,173.083,173.037,300,760
10.04.2018 09:30:15.501 GMT-0400,173.08200000000002,173.03799999999998,220,150
10.04.2018 09:30:15.672 GMT-0400,173.083,173.037,10400,150
10.04.2018 09:30:15.841 GMT-0400,173.053,173.01700000000002,200,75
10.04.2018 09:30:15.942 GMT-0400,173.043,173.007,230,75
10.04.2018 09:30:16.309 GMT-0400,173.033,172.99900000000002,230,7499.9998
10.04.2018 09:30:16.924 GMT-0400,173.023,172.978,160,7499.9998
10.04.2018 09:30:17.425 GMT-0400,173.02200000000002,172.978,200,150
10.04.2018 09:30:17.785 GMT-0400,172.993,172.928,10300.0002,7499.9998
10.04.2018 09:30:18.380 GMT-0400,172.983,172.917,300,1200.0001
10.04.2018 09:30:18.987 GMT-0400,172.953,172.90099999999998,160,7499.9998
10.04.2018 09:30:19.415 GMT-0400,172.922,172.888,10200.0004,120
10.04.2018 09:30:19.988 GMT-0400,172.923,172.887,10200.0004,75
10.04.2018 09:30:20.326 GMT-0400,172.912,172.888,200,10200.0004
10.04.2018 09:30:20.951 GMT-0400,172.923,172.89700000000002,10200.0004,82
10.04.2018 09:30:21.094 GMT-0400,172.983,172.917,220,150
10.04.2018 09:30:21.245 GMT-0400,172.983,172.907,300,150
10.04.2018 09:30:21.336 GMT-0400,172.982,172.928,300,85
10.04.2018 09:30:21.496 GMT-0400,172.963,172.907,160,75
10.04.2018 09:30:21.693 GMT-0400,172.96200000000002,172.918,200,75
10.04.2018 09:30:22.058 GMT-0400,172.922,172.908,4,130
10.04.2018 09:30:22.160 GMT-0400,172.91299999999998,172.89700000000002,10,96
10.04.2018 09:30:22.371 GMT-0400,172.91299999999998,172.887,110,73
10.04.2018 09:30:22.745 GMT-0400,172.912,172.885,10099.9996,49
10.04.2018 09:30:23.009 GMT-0400,172.912,172.888,110,49
10.04.2018 09:30:23.473 GMT-0400,172.912,172.882,10099.9996,49
10.04.2018 09:30:24.303 GMT-0400,172.912,172.858,9999.9998,210
10.04.2018 09:30:24.353 GMT-0400,172.872,172.828,200,7499.9998
10.04.2018 09:30:24.477 GMT-0400,172.86200000000002,172.808,1050,24
10.04.2018 09:30:24.918 GMT-0400,172.808,172.78799999999998,300,7499.9998
10.04.2018 09:30:24.969 GMT-0400,172.793,172.748,160,7499.9998
10.04.2018 09:30:25.188 GMT-0400,172.803,172.748,220,7499.9998
10.04.2018 09:30:25.584 GMT-0400,172.813,172.76700000000002,10300.0002,220
10.04.2018 09:30:26.817 GMT-0400,172.823,172.787,10099.9996,82
10.04.2018 09:30:26.868 GMT-0400,172.863,172.817,970,160
10.04.2018 09:30:26.919 GMT-0400,172.843,172.80700000000002,10,7499.9998
10.04.2018 09:30:26.969 GMT-0400,172.863,172.80700000000002,1050,7499.9998
10.04.2018 09:30:27.056 GMT-0400,172.852,172.80700000000002,220,7499.9998
10.04.2018 09:30:27.624 GMT-0400,172.853,172.80700000000002,200,7499.9998
10.04.2018 09:30:27.983 GMT-0400,172.843,172.797,460,7499.9998
10.04.2018 09:30:28.034 GMT-0400,172.823,172.76700000000002,100,220
10.04.2018 09:30:28.562 GMT-0400,172.822,172.768,100,220
10.04.2018 09:30:28.799 GMT-0400,172.813,172.763,670,9999.9998
10.04.2018 09:30:29.436 GMT-0400,172.812,172.722,10200.0004,9999.9998
10.04.2018 09:30:30.103 GMT-0400,172.793,172.747,10200.0004,73
10.04.2018 09:30:30.185 GMT-0400,172.753,172.727,3,77
10.04.2018 09:30:30.337 GMT-0400,172.762,172.722,100,7499.9998
10.04.2018 09:30:30.421 GMT-0400,172.74200000000002,172.722,110,7499.9998
10.04.2018 09:30:30.525 GMT-0400,172.77200000000002,172.718,10200.0004,7499.9998
10.04.2018 09:30:31.426 GMT-0400,172.773,172.70700000000002,200,300
10.04.2018 09:30:32.596 GMT-0400,172.77200000000002,172.718,200,750
10.04.2018 09:30:33.031 GMT-0400,172.813,172.77700000000002,170,22
10.04.2018 09:30:33.697 GMT-0400,172.812,172.778,120,22
10.04.2018 09:30:34.699 GMT-0400,172.813,172.77700000000002,170,170
10.04.2018 09:30:35.062 GMT-0400,172.83200000000002,172.81,10099.9996,75
10.04.2018 09:30:35.112 GMT-0400,172.843,172.80700000000002,10200.0004,7499.9998
10.04.2018 09:30:35.910 GMT-0400,172.842,172.821,200,7499.9998
10.04.2018 09:30:36.151 GMT-0400,172.863,172.827,10999.9999,150
10.04.2018 09:30:36.899 GMT-0400,172.863,172.838,750,7499.9998
10.04.2018 09:30:37.000 GMT-0400,172.903,172.86700000000002,200,170
10.04.2018 09:30:37.690 GMT-0400,172.90200000000002,172.868,100,550
10.04.2018 09:30:37.880 GMT-0400,172.91299999999998,172.86700000000002,100,550
10.04.2018 09:30:37.931 GMT-0400,172.91299999999998,172.88,100,7499.9998
10.04.2018 09:30:38.391 GMT-0400,172.922,172.888,210,150
10.04.2018 09:30:38.705 GMT-0400,172.933,172.89700000000002,10099.9996,250
10.04.2018 09:30:38.756 GMT-0400,172.94299999999998,172.907,75,150
10.04.2018 09:30:38.960 GMT-0400,172.953,172.907,100,820
10.04.2018 09:30:39.117 GMT-0400,172.96200000000002,172.918,370,250
10.04.2018 09:30:39.476 GMT-0400,172.982,172.95700000000002,240,7499.9998
10.04.2018 09:30:40.369 GMT-0400,172.982,172.918,310,150
10.04.2018 09:30:40.691 GMT-0400,172.982,172.948,310,150
10.04.2018 09:30:41.565 GMT-0400,172.983,172.947,390,370
10.04.2018 09:30:42.314 GMT-0400,172.982,172.948,100,600
10.04.2018 09:30:42.844 GMT-0400,172.982,172.958,100,670
10.04.2018 09:30:43.152 GMT-0400,172.983,172.947,100,1050
10.04.2018 09:30:43.270 GMT-0400,172.982,172.958,100,150
10.04.2018 09:30:43.439 GMT-0400,173.003,172.96200000000002,10099.9996,7499.9998
10.04.2018 09:30:43.540 GMT-0400,172.993,172.96200000000002,600,7499.9998
10.04.2018 09:30:43.880 GMT-0400,172.972,172.958,130,75
10.04.2018 09:30:44.406 GMT-0400,172.993,172.95700000000002,10099.9996,75
10.04.2018 09:30:44.610 GMT-0400,172.97299999999998,172.941,100,7499.9998
10.04.2018 09:30:44.660 GMT-0400,172.983,172.941,300,7499.9998
10.04.2018 09:30:45.486 GMT-0400,172.993,172.941,10599.9997,7499.9998
10.04.2018 09:30:45.567 GMT-0400,172.993,172.92700000000002,450,150
10.04.2018 09:30:45.675 GMT-0400,172.953,172.907,100,11400.0002
10.04.2018 09:30:45.776 GMT-0400,172.97299999999998,172.907,10499.9999,750
10.04.2018 09:30:46.109 GMT-0400,172.96200000000002,172.908,670,750
10.04.2018 09:30:46.679 GMT-0400,172.953,172.92700000000002,220,75
10.04.2018 09:30:46.780 GMT-0400,172.972,172.928,10599.9997,230
10.04.2018 09:30:46.830 GMT-0400,172.953,172.92700000000002,20,300
10.04.2018 09:30:47.446 GMT-0400,172.953,172.92700000000002,10099.9996,75
10.04.2018 09:30:48.126 GMT-0400,172.953,172.92700000000002,200,75
10.04.2018 09:30:48.792 GMT-0400,172.952,172.928,200,150
10.04.2018 09:30:49.138 GMT-0400,172.99200000000002,172.928,370,220
10.04.2018 09:30:49.408 GMT-0400,173.002,172.928,420,220
10.04.2018 09:30:49.543 GMT-0400,172.993,172.92700000000002,600,220
10.04.2018 09:30:50.643 GMT-0400,172.99200000000002,172.928,220,300
10.04.2018 09:30:51.566 GMT-0400,173.002,172.968,55,75
10.04.2018 09:30:52.505 GMT-0400,173.002,172.96099999999998,420,7499.9998
10.04.2018 09:30:52.967 GMT-0400,172.983,172.93,100,7499.9998
10.04.2018 09:30:53.874 GMT-0400,172.993,172.93,200,7499.9998
10.04.2018 09:30:54.323 GMT-0400,172.983,172.92700000000002,600,150
10.04.2018 09:30:54.679 GMT-0400,172.983,172.92700000000002,10800.0003,150
10.04.2018 09:30:54.729 GMT-0400,172.97299999999998,172.907,10499.9999,670
10.04.2018 09:30:54.882 GMT-0400,172.97299999999998,172.917,100,7499.9998
10.04.2018 09:30:55.022 GMT-0400,172.982,172.917,10800.0003,7499.9998
10.04.2018 09:30:55.073 GMT-0400,172.953,172.917,100,7499.9998
10.04.2018 09:30:55.597 GMT-0400,172.952,172.917,970,7499.9998
10.04.2018 09:30:55.799 GMT-0400,172.953,172.907,900,10900.0001
10.04.2018 09:30:56.531 GMT-0400,172.952,172.918,900,32
10.04.2018 09:30:56.605 GMT-0400,172.94299999999998,172.907,610,7499.9998
10.04.2018 09:30:56.656 GMT-0400,172.93200000000002,172.907,200,7499.9998
10.04.2018 09:30:56.709 GMT-0400,172.93200000000002,172.878,200,820
10.04.2018 09:30:56.991 GMT-0400,172.90200000000002,172.868,100,75
10.04.2018 09:30:57.367 GMT-0400,172.86200000000002,172.828,10200.0004,450
10.04.2018 09:30:58.442 GMT-0400,172.893,172.83700000000002,10200.0004,75
10.04.2018 09:30:58.706 GMT-0400,172.893,172.857,100,75
10.04.2018 09:30:59.088 GMT-0400,172.91299999999998,172.86700000000002,10099.9996,7
10.04.2018 09:30:59.138 GMT-0400,172.903,172.86700000000002,100,75
10.04.2018 09:30:59.189 GMT-0400,172.90200000000002,172.858,100,220
10.04.2018 09:30:59.458 GMT-0400,172.90200000000002,172.868,200,75
10.04.2018 09:30:59.609 GMT-0400,172.90200000000002,172.858,220,220
10.04.2018 09:30:59.709 GMT-0400,172.883,172.857,100,220
10.04.2018 09:30:59.760 GMT-0400,172.91299999999998,172.857,200,220
10.04.2018 09:31:00.277 GMT-0400,172.923,172.857,10499.9999,370
10.04.2018 09:31:00.327 GMT-0400,172.89200000000002,172.858,170,370
10.04.2018 09:31:00.378 GMT-0400,172.923,172.857,10200.0004,370
10.04.2018 09:31:00.539 GMT-0400,172.933,172.86700000000002,10099.9996,54
10.04.2018 09:31:01.583 GMT-0400,172.93200000000002,172.898,100,37
10.04.2018 09:31:01.771 GMT-0400,172.922,172.858,10099.9996,370
10.04.2018 09:31:01.822 GMT-0400,172.922,172.888,200,75
10.04.2018 09:31:01.927 GMT-0400,172.933,172.887,10200.0004,520
10.04.2018 09:31:02.490 GMT-0400,172.923,172.887,220,75
10.04.2018 09:31:02.637 GMT-0400,172.94299999999998,172.86700000000002,10400,10700.0005
10.04.2018 09:31:02.692 GMT-0400,172.922,172.868,10999.9999,75
10.04.2018 09:31:03.678 GMT-0400,172.922,172.868,450,75
10.04.2018 09:31:03.728 GMT-0400,172.912,172.858,220,370
10.04.2018 09:31:04.054 GMT-0400,172.90200000000002,172.858,100,370
10.04.2018 09:31:04.248 GMT-0400,172.923,172.877,200,160
10.04.2018 09:31:04.722 GMT-0400,172.91299999999998,172.86700000000002,110,75
10.04.2018 09:31:05.112 GMT-0400,172.91299999999998,172.857,110,370
10.04.2018 09:31:05.230 GMT-0400,172.882,172.858,10,300
10.04.2018 09:31:05.280 GMT-0400,172.91299999999998,172.887,100,140
10.04.2018 09:31:05.380 GMT-0400,172.922,172.888,200,140
10.04.2018 09:31:05.431 GMT-0400,172.912,172.878,180,10200.0004
10.04.2018 09:31:05.557 GMT-0400,172.923,172.878,100,7499.9998
10.04.2018 09:31:05.707 GMT-0400,172.923,172.89700000000002,200,75
10.04.2018 09:31:05.966 GMT-0400,172.952,172.898,10700.0005,520
10.04.2018 09:31:06.376 GMT-0400,172.94299999999998,172.89700000000002,200,520
10.04.2018 09:31:06.499 GMT-0400,172.93200000000002,172.881,240,7499.9998
10.04.2018 09:31:06.625 GMT-0400,172.922,172.838,10099.9996,400
10.04.2018 09:31:06.676 GMT-0400,172.942,172.858,10599.9997,450
10.04.2018 09:31:07.498 GMT-0400,172.94299999999998,172.857,370,450
10.04.2018 09:31:07.802 GMT-0400,172.94299999999998,172.86700000000002,200,320
10.04.2018 09:31:08.679 GMT-0400,172.94299999999998,172.887,200,220
10.04.2018 09:31:08.984 GMT-0400,172.99200000000002,172.928,10300.0002,75
10.04.2018 09:31:09.547 GMT-0400,172.983,172.92700000000002,10200.0004,150
10.04.2018 09:31:09.931 GMT-0400,172.952,172.907,10,7499.9998
10.04.2018 09:31:09.983 GMT-0400,172.952,172.908,10099.9996,150
10.04.2018 09:31:10.954 GMT-0400,172.953,172.887,100,75
10.04.2018 09:31:11.005 GMT-0400,172.96200000000002,172.898,450,150
10.04.2018 09:31:11.240 GMT-0400,172.97299999999998,172.907,10400,170
10.04.2018 09:31:11.725 GMT-0400,172.982,172.918,10099.9996,840
10.04.2018 09:31:11.828 GMT-0400,172.983,172.92700000000002,100,820
10.04.2018 09:31:12.028 GMT-0400,173.002,172.948,10300.0002,460
10.04.2018 09:31:12.406 GMT-0400,172.963,172.917,380,75
10.04.2018 09:31:12.457 GMT-0400,172.953,172.907,300,230
10.04.2018 09:31:12.507 GMT-0400,172.94299999999998,172.887,10200.0004,520
10.04.2018 09:31:12.633 GMT-0400,172.94299999999998,172.872,10200.0004,7499.9998
10.04.2018 09:31:13.444 GMT-0400,172.942,172.872,370,7499.9998
10.04.2018 09:31:14.027 GMT-0400,172.942,172.868,200,270
10.04.2018 09:31:14.280 GMT-0400,172.93200000000002,172.868,600,270
10.04.2018 09:31:14.682 GMT-0400,172.923,172.887,200,75
10.04.2018 09:31:15.487 GMT-0400,172.922,172.888,200,900
10.04.2018 09:31:15.867 GMT-0400,172.922,172.898,200,7499.9998
10.04.2018 09:31:16.175 GMT-0400,172.933,172.898,520,7499.9998
10.04.2018 09:31:16.226 GMT-0400,172.933,172.887,10599.9997,900
10.04.2018 09:31:16.747 GMT-0400,172.93200000000002,172.918,450,2
10.04.2018 09:31:17.502 GMT-0400,172.93200000000002,172.907,290,7499.9998
10.04.2018 09:31:18.140 GMT-0400,172.93200000000002,172.908,520,300
10.04.2018 09:31:18.191 GMT-0400,172.93400000000003,172.917,520,7499.9998
10.04.2018 09:31:18.241 GMT-0400,172.97299999999998,172.937,300,77
10.04.2018 09:31:18.973 GMT-0400,172.993,172.937,10800.0003,75
10.04.2018 09:31:19.172 GMT-0400,172.993,172.937,670,75
10.04.2018 09:31:19.440 GMT-0400,172.982,172.938,750,75
10.04.2018 09:31:19.491 GMT-0400,172.99200000000002,172.938,100,75
10.04.2018 09:31:19.541 GMT-0400,172.983,172.937,670,75
10.04.2018 09:31:19.599 GMT-0400,172.993,172.937,450,75
10.04.2018 09:31:19.790 GMT-0400,172.99200000000002,172.948,200,310
10.04.2018 09:31:20.383 GMT-0400,172.993,172.947,100,840
10.04.2018 09:31:21.764 GMT-0400,172.99200000000002,172.948,200,820
10.04.2018 09:31:22.336 GMT-0400,172.983,172.947,670,900
10.04.2018 09:31:22.568 GMT-0400,172.99200000000002,172.948,300,970
10.04.2018 09:31:22.694 GMT-0400,172.96200000000002,172.938,100,370
10.04.2018 09:31:23.010 GMT-0400,172.963,172.947,200,150
10.04.2018 09:31:23.061 GMT-0400,172.972,172.948,200,150
10.04.2018 09:31:23.704 GMT-0400,172.983,172.947,200,150
10.04.2018 09:31:23.900 GMT-0400,172.963,172.937,100,750
10.04.2018 09:31:24.231 GMT-0400,172.952,172.922,460,7499.9998
10.04.2018 09:31:24.282 GMT-0400,172.942,172.908,100,300
10.04.2018 09:31:24.382 GMT-0400,172.952,172.908,200,300
10.04.2018 09:31:24.674 GMT-0400,172.952,172.918,200,7499.9998
10.04.2018 09:31:25.476 GMT-0400,172.94299999999998,172.907,10300.0002,300
10.04.2018 09:31:25.526 GMT-0400,172.923,172.89700000000002,220,75
10.04.2018 09:31:26.141 GMT-0400,172.933,172.89700000000002,100,220
10.04.2018 09:31:27.360 GMT-0400,172.93200000000002,172.898,370,290
10.04.2018 09:31:27.677 GMT-0400,172.93200000000002,172.907,200,7499.9998
10.04.2018 09:31:27.727 GMT-0400,172.90200000000002,172.868,200,300
10.04.2018 09:31:28.390 GMT-0400,172.903,172.86700000000002,100,370
10.04.2018 09:31:28.865 GMT-0400,172.91299999999998,172.877,100,82
10.04.2018 09:31:28.943 GMT-0400,172.923,172.877,10300.0002,75
10.04.2018 09:31:29.044 GMT-0400,172.912,172.868,100,370
10.04.2018 09:31:29.095 GMT-0400,172.923,172.86700000000002,10300.0002,370
10.04.2018 09:31:29.682 GMT-0400,172.93200000000002,172.868,340,450
10.04.2018 09:31:29.733 GMT-0400,172.93200000000002,172.888,340,220
10.04.2018 09:31:30.047 GMT-0400,172.912,172.868,100,520
10.04.2018 09:31:30.697 GMT-0400,172.91299999999998,172.86700000000002,1120,480
10.04.2018 09:31:31.719 GMT-0400,172.912,172.868,820,480
10.04.2018 09:31:32.607 GMT-0400,172.91299999999998,172.86700000000002,820,950
10.04.2018 09:31:32.900 GMT-0400,172.952,172.888,10499.9999,75
10.04.2018 09:31:33.405 GMT-0400,172.97299999999998,172.887,10599.9997,75
10.04.2018 09:31:33.473 GMT-0400,172.953,172.878,10999.9999,7499.9998
10.04.2018 09:31:33.806 GMT-0400,172.952,172.878,670,300
10.04.2018 09:31:34.062 GMT-0400,172.94299999999998,172.877,750,300
10.04.2018 09:31:34.552 GMT-0400,172.953,172.877,670,300
10.04.2018 09:31:35.400 GMT-0400,172.933,172.877,310,220
10.04.2018 09:31:35.451 GMT-0400,172.94299999999998,172.877,300,220
10.04.2018 09:31:35.506 GMT-0400,172.922,172.878,750,220
10.04.2018 09:31:35.959 GMT-0400,172.93200000000002,172.878,11099.9998,220
10.04.2018 09:31:36.418 GMT-0400,172.94299999999998,172.89700000000002,10200.0004,8
10.04.2018 09:31:36.811 GMT-0400,172.942,172.898,100,8
10.04.2018 09:31:37.234 GMT-0400,172.952,172.898,200,8
10.04.2018 09:31:37.812 GMT-0400,172.953,172.89700000000002,200,8
10.04.2018 09:31:38.371 GMT-0400,172.952,172.898,450,8
10.04.2018 09:31:38.422 GMT-0400,172.94299999999998,172.89700000000002,670,8
10.04.2018 09:31:39.660 GMT-0400,172.942,172.898,520,8
10.04.2018 09:31:40.314 GMT-0400,172.94299999999998,172.89700000000002,100,83
10.04.2018 09:31:40.701 GMT-0400,172.942,172.918,200,150
10.04.2018 09:31:41.201 GMT-0400,172.93200000000002,172.908,450,7499.9998
10.04.2018 09:31:41.540 GMT-0400,172.912,172.898,670,230
10.04.2018 09:31:41.834 GMT-0400,172.94299999999998,172.89700000000002,10099.9996,380
10.04.2018 09:31:41.968 GMT-0400,172.923,172.89700000000002,100,380
10.04.2018 09:31:42.343 GMT-0400,172.923,172.907,150,75
10.04.2018 09:31:42.884 GMT-0400,172.922,172.908,150,840
10.04.2018 09:31:43.175 GMT-0400,172.952,172.908,10400,840
10.04.2018 09:31:43.784 GMT-0400,172.953,172.907,370,840
10.04.2018 09:31:43.893 GMT-0400,172.942,172.908,200,840
10.04.2018 09:31:43.947 GMT-0400,172.96200000000002,172.908,300,840
10.04.2018 09:31:44.220 GMT-0400,172.972,172.908,10599.9997,840
10.04.2018 09:31:44.354 GMT-0400,172.96200000000002,172.908,300,760
10.04.2018 09:31:44.708 GMT-0400,172.96200000000002,172.921,300,7499.9998
10.04.2018 09:31:45.011 GMT-0400,172.96200000000002,172.938,100,600
10.04.2018 09:31:45.608 GMT-0400,172.963,172.937,150,600
10.04.2018 09:31:45.672 GMT-0400,172.97299999999998,172.937,190,600
10.04.2018 09:31:45.723 GMT-0400,172.97299999999998,172.95700000000002,190,75
10.04.2018 09:31:46.056 GMT-0400,172.982,172.958,600,670
10.04.2018 09:31:46.729 GMT-0400,172.983,172.95700000000002,450,670
10.04.2018 09:31:46.858 GMT-0400,172.99200000000002,172.958,10599.9997,680
10.04.2018 09:31:47.227 GMT-0400,172.983,172.947,600,75
10.04.2018 09:31:47.502 GMT-0400,172.97299999999998,172.947,100,75
10.04.2018 09:31:47.834 GMT-0400,172.99200000000002,172.958,10099.9996,160
10.04.2018 09:31:48.442 GMT-0400,172.982,172.958,100,160
10.04.2018 09:31:49.239 GMT-0400,172.983,172.95700000000002,190,160
10.04.2018 09:31:50.208 GMT-0400,172.982,172.958,200,160
10.04.2018 09:31:51.039 GMT-0400,173.003,172.967,370,7499.9998
10.04.2018 09:31:51.881 GMT-0400,173.002,172.967,480,7499.9998
10.04.2018 09:31:52.001 GMT-0400,172.993,172.967,200,7499.9998
10.04.2018 09:31:52.052 GMT-0400,172.993,172.95700000000002,200,1139.9999
10.04.2018 09:31:52.554 GMT-0400,172.99200000000002,172.958,200,1139.9999
10.04.2018 09:31:52.977 GMT-0400,172.993,172.968,200,7499.9998
10.04.2018 09:31:53.712 GMT-0400,172.993,172.93900000000002,9999.9998,9999.9998
10.04.2018 09:31:53.766 GMT-0400,172.99200000000002,172.93900000000002,450,9999.9998
10.04.2018 09:31:54.076 GMT-0400,173.003,172.95700000000002,700,9999.9998
10.04.2018 09:31:54.182 GMT-0400,172.99200000000002,172.95700000000002,600,9999.9998
10.04.2018 09:31:54.500 GMT-0400,172.983,172.95700000000002,11800.0004,1130
10.04.2018 09:31:54.942 GMT-0400,172.983,172.967,2,82
10.04.2018 09:31:54.993 GMT-0400,172.983,172.958,2,1050
10.04.2018 09:31:55.656 GMT-0400,172.982,172.958,100,1050
10.04.2018 09:31:55.707 GMT-0400,172.97299999999998,172.95700000000002,100,1050
10.04.2018 09:31:55.757 GMT-0400,172.983,172.95700000000002,100,1050
10.04.2018 09:31:56.097 GMT-0400,172.97299999999998,172.951,150,7499.9998
10.04.2018 09:31:56.280 GMT-0400,172.953,172.928,2,910
10.04.2018 09:31:56.699 GMT-0400,172.953,172.937,10200.0004,75
10.04.2018 09:31:56.841 GMT-0400,172.953,172.92700000000002,10200.0004,900
10.04.2018 09:31:57.263 GMT-0400,172.94299999999998,172.917,150,75
10.04.2018 09:31:57.733 GMT-0400,172.933,172.917,100,75
10.04.2018 09:31:58.489 GMT-0400,172.93200000000002,172.917,2,73
10.04.2018 09:31:58.630 GMT-0400,172.93200000000002,172.908,10099.9996,670
10.04.2018 09:31:58.681 GMT-0400,172.96200000000002,172.918,10499.9999,150
10.04.2018 09:31:58.782 GMT-0400,172.96200000000002,172.928,2,75
10.04.2018 09:31:59.319 GMT-0400,172.96200000000002,172.92700000000002,2,75
10.04.2018 09:31:59.632 GMT-0400,172.972,172.928,150,150
10.04.2018 09:31:59.866 GMT-0400,172.96200000000002,172.928,110,150
10.04.2018 09:32:00.167 GMT-0400,172.96200000000002,172.938,150,75
10.04.2018 09:32:00.218 GMT-0400,172.963,172.92700000000002,150,150
10.04.2018 09:32:00.709 GMT-0400,172.963,172.938,100,7499.9998
10.04.2018 09:32:01.051 GMT-0400,172.982,172.968,150,220
10.04.2018 09:32:01.354 GMT-0400,173.003,172.98700000000002,150,150
10.04.2018 09:32:01.580 GMT-0400,173.02,172.998,2,150
10.04.2018 09:32:01.719 GMT-0400,173.062,173.03799999999998,150,75
10.04.2018 09:32:01.919 GMT-0400,173.063,173.028,100,7499.9998
10.04.2018 09:32:02.453 GMT-0400,173.062,173.028,150,10300.0002
10.04.2018 09:32:02.784 GMT-0400,173.063,173.01700000000002,150,750
10.04.2018 09:32:02.835 GMT-0400,173.062,173.028,150,150
10.04.2018 09:32:03.059 GMT-0400,173.062,173.018,150,820
10.04.2018 09:32:03.725 GMT-0400,173.063,173.01700000000002,150,900
10.04.2018 09:32:04.636 GMT-0400,173.062,173.028,110,220
10.04.2018 09:32:04.719 GMT-0400,173.063,173.01700000000002,10099.9996,820
10.04.2018 09:32:04.770 GMT-0400,173.063,173.02700000000002,2,150
10.04.2018 09:32:05.111 GMT-0400,173.063,173.037,150,7499.9998
10.04.2018 09:32:05.331 GMT-0400,173.062,173.028,10200.0004,75
10.04.2018 09:32:05.382 GMT-0400,173.062,173.01700000000002,2,820
10.04.2018 09:32:05.998 GMT-0400,173.05200000000002,173.018,100,900
10.04.2018 09:32:06.214 GMT-0400,173.033,172.997,100,150
10.04.2018 09:32:06.470 GMT-0400,173.032,172.988,150,820
10.04.2018 09:32:06.830 GMT-0400,173.033,173.007,100,220
10.04.2018 09:32:07.166 GMT-0400,173.042,173.018,150,16
10.04.2018 09:32:07.217 GMT-0400,173.05200000000002,173.018,50,170
10.04.2018 09:32:07.308 GMT-0400,173.042,173.018,100,170
10.04.2018 09:32:08.368 GMT-0400,173.053,173.02700000000002,2,170
10.04.2018 09:32:09.016 GMT-0400,173.053,173.028,2,240
10.04.2018 09:32:09.067 GMT-0400,173.07,173.03799999999998,2,82
10.04.2018 09:32:09.736 GMT-0400,173.062,173.03799999999998,100,82
10.04.2018 09:32:09.791 GMT-0400,173.07,173.03799999999998,2,82
10.04.2018 09:32:10.137 GMT-0400,173.07,173.047,2,150
10.04.2018 09:32:10.688 GMT-0400,173.072,173.048,150,150
10.04.2018 09:32:10.739 GMT-0400,173.08200000000002,173.048,100,520
10.04.2018 09:32:10.791 GMT-0400,173.093,173.05700000000002,150,80
10.04.2018 09:32:10.997 GMT-0400,173.08200000000002,173.06799999999998,100,75
10.04.2018 09:32:11.124 GMT-0400,173.093,173.067,150,75
10.04.2018 09:32:11.175 GMT-0400,173.08200000000002,173.058,150,600
10.04.2018 09:32:11.225 GMT-0400,173.083,173.047,10499.9999,450
10.04.2018 09:32:11.712 GMT-0400,173.083,173.058,2,150
10.04.2018 09:32:12.127 GMT-0400,173.083,173.047,2,600
10.04.2018 09:32:12.179 GMT-0400,173.093,173.047,150,600
10.04.2018 09:32:12.409 GMT-0400,173.073,173.047,1,600
10.04.2018 09:32:13.009 GMT-0400,173.062,173.03799999999998,100,79
10.04.2018 09:32:13.639 GMT-0400,173.063,173.041,120,7499.9998
10.04.2018 09:32:14.017 GMT-0400,173.062,173.048,120,150
10.04.2018 09:32:14.067 GMT-0400,173.043,173.02700000000002,25,75
10.04.2018 09:32:14.380 GMT-0400,173.063,173.037,2,75
10.04.2018 09:32:14.545 GMT-0400,173.063,173.02700000000002,2,150
10.04.2018 09:32:14.717 GMT-0400,173.062,173.03799999999998,100,150
10.04.2018 09:32:14.968 GMT-0400,173.073,173.047,10200.0004,160
10.04.2018 09:32:15.445 GMT-0400,173.072,173.03799999999998,150,150
10.04.2018 09:32:15.674 GMT-0400,173.073,173.047,10800.0003,150
10.04.2018 09:32:16.175 GMT-0400,173.093,173.05,150,7499.9998
10.04.2018 09:32:16.450 GMT-0400,173.102,173.06799999999998,150,7
10.04.2018 09:32:16.501 GMT-0400,173.102,173.058,150,75
10.04.2018 09:32:16.876 GMT-0400,173.103,173.077,15200.0003,1350
10.04.2018 09:32:16.927 GMT-0400,173.102,173.058,150,820
10.04.2018 09:32:17.679 GMT-0400,173.102,173.06799999999998,150,150
10.04.2018 09:32:18.028 GMT-0400,173.08200000000002,173.06799999999998,150,75
10.04.2018 09:32:18.300 GMT-0400,173.08200000000002,173.048,150,450
10.04.2018 09:32:18.927 GMT-0400,173.101,173.058,2,690
10.04.2018 09:32:19.039 GMT-0400,173.102,173.078,15200.0003,42
10.04.2018 09:32:19.311 GMT-0400,173.092,173.048,20,300
10.04.2018 09:32:19.526 GMT-0400,173.09799999999998,173.06799999999998,2,7
10.04.2018 09:32:19.576 GMT-0400,173.083,173.048,100,7499.9998
10.04.2018 09:32:19.627 GMT-0400,173.093,173.048,150,7499.9998
10.04.2018 09:32:19.729 GMT-0400,173.102,173.048,150,10400
10.04.2018 09:32:20.677 GMT-0400,173.083,173.047,150,520
10.04.2018 09:32:20.799 GMT-0400,173.102,173.05700000000002,150,7499.9998
10.04.2018 09:32:21.466 GMT-0400,173.103,173.05700000000002,150,7499.9998
10.04.2018 09:32:21.702 GMT-0400,173.102,173.048,150,300
10.04.2018 09:32:21.752 GMT-0400,173.102,173.058,150,150
10.04.2018 09:32:22.248 GMT-0400,173.08200000000002,173.058,1,150
10.04.2018 09:32:22.805 GMT-0400,173.083,173.067,3,75
10.04.2018 09:32:22.874 GMT-0400,173.102,173.077,2,75
10.04.2018 09:32:22.925 GMT-0400,173.092,173.078,100,70
10.04.2018 09:32:23.025 GMT-0400,173.103,173.08700000000002,150,75
10.04.2018 09:32:23.126 GMT-0400,173.102,173.078,150,70
10.04.2018 09:32:23.532 GMT-0400,173.093,173.06799999999998,100,7499.9998
10.04.2018 09:32:23.675 GMT-0400,173.103,173.077,150,75
10.04.2018 09:32:24.673 GMT-0400,173.103,173.067,150,10900.0001
10.04.2018 09:32:25.283 GMT-0400,173.102,173.06799999999998,150,970
10.04.2018 09:32:25.748 GMT-0400,173.123,173.097,2,7
10.04.2018 09:32:26.122 GMT-0400,173.132,173.108,110,7
10.04.2018 09:32:26.252 GMT-0400,173.123,173.08700000000002,150,10200.0004
10.04.2018 09:32:26.454 GMT-0400,173.132,173.088,110,150
10.04.2018 09:32:26.505 GMT-0400,173.132,173.09799999999998,110,150
10.04.2018 09:32:26.557 GMT-0400,173.143,173.107,150,7
10.04.2018 09:32:26.998 GMT-0400,173.133,173.107,100,4
10.04.2018 09:32:27.056 GMT-0400,173.14200000000002,173.108,150,4
10.04.2018 09:32:27.260 GMT-0400,173.143,173.097,150,79
10.04.2018 09:32:27.627 GMT-0400,173.14200000000002,173.108,150,670
10.04.2018 09:32:27.887 GMT-0400,173.18200000000002,173.138,150,75
10.04.2018 09:32:28.054 GMT-0400,173.16299999999998,173.137,65,150
10.04.2018 09:32:28.361 GMT-0400,173.203,173.188,150,7499.9998
10.04.2018 09:32:28.412 GMT-0400,173.232,173.188,2,7499.9998
10.04.2018 09:32:28.559 GMT-0400,173.222,173.188,100,7499.9998
10.04.2018 09:32:28.834 GMT-0400,173.232,173.188,2,7499.9998
10.04.2018 09:32:28.884 GMT-0400,173.232,173.20700000000002,2,130
10.04.2018 09:32:29.041 GMT-0400,173.222,173.188,150,10099.9996
10.04.2018 09:32:29.092 GMT-0400,173.19299999999998,173.167,17,670
10.04.2018 09:32:30.471 GMT-0400,173.18200000000002,173.161,150,7499.9998
10.04.2018 09:32:30.704 GMT-0400,173.18200000000002,173.14700000000002,2,75
10.04.2018 09:32:30.844 GMT-0400,173.14200000000002,173.128,2,130
10.04.2018 09:32:31.215 GMT-0400,173.172,173.128,150,130
10.04.2018 09:32:31.344 GMT-0400,173.08200000000002,173.048,150,75
10.04.2018 09:32:31.729 GMT-0400,173.063,173.037,1,150
10.04.2018 09:32:31.880 GMT-0400,173.072,173.037,2,150
10.04.2018 09:32:32.432 GMT-0400,173.072,173.03799999999998,2,75
10.04.2018 09:32:32.483 GMT-0400,173.08200000000002,173.03799999999998,150,75
10.04.2018 09:32:32.893 GMT-0400,173.062,173.028,150,150
10.04.2018 09:32:33.020 GMT-0400,173.05200000000002,173.01700000000002,110,7499.9998
10.04.2018 09:32:33.102 GMT-0400,173.05200000000002,172.998,150,16
10.04.2018 09:32:33.837 GMT-0400,173.05200000000002,173.008,100,670
10.04.2018 09:32:33.908 GMT-0400,173.05200000000002,172.998,100,320
10.04.2018 09:32:33.958 GMT-0400,173.042,172.998,150,16
10.04.2018 09:32:34.588 GMT-0400,173.043,172.997,150,16
10.04.2018 09:32:35.707 GMT-0400,173.02900000000002,172.997,2,16
10.04.2018 09:32:35.808 GMT-0400,173.042,172.997,2,16
10.04.2018 09:32:36.392 GMT-0400,173.033,172.997,150,91
10.04.2018 09:32:36.823 GMT-0400,173.033,172.977,150,710
10.04.2018 09:32:37.625 GMT-0400,173.032,172.978,150,640
10.04.2018 09:32:37.726 GMT-0400,173.033,172.997,150,75
10.04.2018 09:32:38.084 GMT-0400,173.062,173.018,100,750
10.04.2018 09:32:38.217 GMT-0400,173.062,173.008,100,370
10.04.2018 09:32:38.268 GMT-0400,173.05200000000002,173.002,150,7499.9998
10.04.2018 09:32:38.778 GMT-0400,173.042,173.008,150,83
10.04.2018 09:32:39.146 GMT-0400,173.032,173.008,2,610
10.04.2018 09:32:39.457 GMT-0400,173.032,172.998,10200.0004,82
10.04.2018 09:32:39.808 GMT-0400,173.02200000000002,172.978,100,640
10.04.2018 09:32:39.959 GMT-0400,173.032,172.977,2,640
10.04.2018 09:32:40.056 GMT-0400,173.023,172.977,150,640
10.04.2018 09:32:40.195 GMT-0400,173.032,172.978,150,640
10.04.2018 09:32:40.860 GMT-0400,173.018,172.978,2,10900.0001
10.04.2018 09:32:41.097 GMT-0400,172.993,172.947,10800.0003,7499.9998
10.04.2018 09:32:41.251 GMT-0400,172.983,172.947,100,7499.9998
10.04.2018 09:32:41.302 GMT-0400,172.993,172.947,10200.0004,7499.9998
10.04.2018 09:32:41.638 GMT-0400,172.982,172.947,100,7499.9998
10.04.2018 09:32:41.990 GMT-0400,172.982,172.938,150,520
10.04.2018 09:32:42.491 GMT-0400,172.983,172.937,150,600
10.04.2018 09:32:42.587 GMT-0400,172.983,172.947,10,820
10.04.2018 09:32:42.638 GMT-0400,172.993,172.947,21,7499.9998
10.04.2018 09:32:43.375 GMT-0400,172.99200000000002,172.947,120,7499.9998
10.04.2018 09:32:43.610 GMT-0400,172.982,172.938,100,520
10.04.2018 09:32:44.194 GMT-0400,172.983,172.937,150,670
10.04.2018 09:32:44.546 GMT-0400,172.983,172.947,150,300
10.04.2018 09:32:44.597 GMT-0400,172.983,172.937,150,670
10.04.2018 09:32:44.697 GMT-0400,172.983,172.947,150,7499.9998
10.04.2018 09:32:45.020 GMT-0400,172.972,172.947,100,7499.9998
10.04.2018 09:32:45.070 GMT-0400,172.983,172.947,150,7499.9998
10.04.2018 09:32:45.605 GMT-0400,172.982,172.947,150,7499.9998
10.04.2018 09:32:45.705 GMT-0400,172.982,172.938,150,340
10.04.2018 09:32:46.484 GMT-0400,172.983,172.937,150,340
10.04.2018 09:32:47.050 GMT-0400,172.982,172.938,150,900
10.04.2018 09:32:47.100 GMT-0400,172.982,172.948,150,370
10.04.2018 09:32:47.782 GMT-0400,172.983,172.967,150,150
10.04.2018 09:32:47.933 GMT-0400,172.982,172.958,150,300
10.04.2018 09:32:48.034 GMT-0400,172.99099999999999,172.948,2,7499.9998
10.04.2018 09:32:48.884 GMT-0400,172.983,172.948,150,7499.9998
10.04.2018 09:32:48.935 GMT-0400,172.983,172.937,150,500
10.04.2018 09:32:49.020 GMT-0400,172.993,172.937,150,500
10.04.2018 09:32:50.069 GMT-0400,172.993,172.947,150,75
10.04.2018 09:32:50.120 GMT-0400,172.993,172.937,150,500
10.04.2018 09:32:50.852 GMT-0400,172.993,172.96099999999998,150,7499.9998
10.04.2018 09:32:50.953 GMT-0400,173.002,172.96099999999998,150,7499.9998
10.04.2018 09:32:51.003 GMT-0400,173.003,172.967,150,1
10.04.2018 09:32:51.483 GMT-0400,173.003,172.977,150,150
10.04.2018 09:32:51.903 GMT-0400,173.002,172.988,150,600
10.04.2018 09:32:52.422 GMT-0400,173.003,172.98700000000002,150,150
10.04.2018 09:32:52.933 GMT-0400,173.002,172.988,150,150
10.04.2018 09:32:53.571 GMT-0400,173.003,172.98700000000002,150,150
10.04.2018 09:32:54.072 GMT-0400,173.002,172.988,150,150
10.04.2018 09:32:54.122 GMT-0400,173.033,172.98700000000002,150,220
10.04.2018 09:32:54.199 GMT-0400,173.042,172.997,2,150
10.04.2018 09:32:54.670 GMT-0400,173.042,173.008,2,370
10.04.2018 09:32:54.721 GMT-0400,173.053,173.01700000000002,150,150
10.04.2018 09:32:54.904 GMT-0400,173.053,173.02700000000002,150,150
10.04.2018 09:32:55.577 GMT-0400,173.05200000000002,173.028,150,150
10.04.2018 09:32:56.304 GMT-0400,173.043,173.01700000000002,10,450
10.04.2018 09:32:56.856 GMT-0400,173.042,173.018,100,750
10.04.2018 09:32:57.038 GMT-0400,173.05200000000002,173.03799999999998,100,300
10.04.2018 09:32:57.716 GMT-0400,173.043,173.02700000000002,150,76
10.04.2018 09:32:57.861 GMT-0400,173.042,173.018,100,600
10.04.2018 09:32:57.911 GMT-0400,173.032,173.018,100,600
10.04.2018 09:32:58.216 GMT-0400,172.993,172.977,100,600
10.04.2018 09:32:58.490 GMT-0400,173.003,172.98700000000002,2,220
10.04.2018 09:32:58.541 GMT-0400,173.012,172.978,100,4420.0001
10.04.2018 09:32:58.902 GMT-0400,173.012,172.988,100,150
10.04.2018 09:32:59.066 GMT-0400,173.012,172.978,100,4350.0001
10.04.2018 09:32:59.117 GMT-0400,173.003,172.977,150,4350.0001
10.04.2018 09:32:59.789 GMT-0400,173.002,172.988,150,150
10.04.2018 09:32:59.840 GMT-0400,173.003,172.977,150,4350.0001
10.04.2018 09:33:00.067 GMT-0400,173.002,172.988,100,370
10.04.2018 09:33:00.218 GMT-0400,173.002,172.978,100,4569.9999
10.04.2018 09:33:00.722 GMT-0400,173.013,172.997,100,220
10.04.2018 09:33:01.031 GMT-0400,173.023,173.007,150,180
10.04.2018 09:33:01.345 GMT-0400,173.043,173.02700000000002,100,150
10.04.2018 09:33:01.480 GMT-0400,173.043,173.02,150,7499.9998
10.04.2018 09:33:01.530 GMT-0400,173.032,173.018,100,300
10.04.2018 09:33:02.351 GMT-0400,173.033,173.01700000000002,100,690
10.04.2018 09:33:02.653 GMT-0400,173.042,173.028,2,220
10.04.2018 09:33:02.753 GMT-0400,173.072,173.03799999999998,150,220
10.04.2018 09:33:02.804 GMT-0400,173.08,173.047,2,300
10.04.2018 09:33:03.032 GMT-0400,173.093,173.058,150,7499.9998
10.04.2018 09:33:03.083 GMT-0400,173.073,173.05700000000002,100,150
10.04.2018 09:33:03.253 GMT-0400,173.073,173.049,150,7499.9998
10.04.2018 09:33:03.722 GMT-0400,173.072,173.058,100,75
10.04.2018 09:33:03.847 GMT-0400,173.073,173.049,100,7499.9998
10.04.2018 09:33:04.873 GMT-0400,173.072,173.058,100,150
10.04.2018 09:33:04.924 GMT-0400,173.11200000000002,173.058,150,300
10.04.2018 09:33:05.872 GMT-0400,173.113,173.067,150,150
10.04.2018 09:33:06.713 GMT-0400,173.11200000000002,173.06799999999998,150,220
10.04.2018 09:33:07.034 GMT-0400,173.092,173.06799999999998,150,220
10.04.2018 09:33:07.346 GMT-0400,173.062,173.041,150,7499.9998
10.04.2018 09:33:08.029 GMT-0400,173.062,173.048,100,150
10.04.2018 09:33:08.088 GMT-0400,173.05200000000002,173.028,150,570
10.04.2018 09:33:08.189 GMT-0400,173.062,173.028,150,570
10.04.2018 09:33:08.706 GMT-0400,173.063,173.02700000000002,100,640
10.04.2018 09:33:09.202 GMT-0400,173.053,173.02700000000002,150,640
10.04.2018 09:33:09.622 GMT-0400,173.025,173.008,100,7499.9998
10.04.2018 09:33:09.672 GMT-0400,173.032,172.997,2,3749.9999
10.04.2018 09:33:10.619 GMT-0400,173.033,172.997,150,3749.9999
10.04.2018 09:33:10.868 GMT-0400,173.023,172.997,2,3749.9999
10.04.2018 09:33:11.209 GMT-0400,173.002,172.978,150,4050.0001
10.04.2018 09:33:11.759 GMT-0400,173.003,172.98700000000002,150,75
10.04.2018 09:33:11.924 GMT-0400,173.002,172.978,150,3970
10.04.2018 09:33:12.232 GMT-0400,172.993,172.977,150,3970
10.04.2018 09:33:12.676 GMT-0400,172.982,172.948,100,10499.9999
10.04.2018 09:33:13.633 GMT-0400,172.982,172.938,150,460
10.04.2018 09:33:13.782 GMT-0400,172.963,172.938,2,460
10.04.2018 09:33:13.952 GMT-0400,172.942,172.908,100,320
10.04.2018 09:33:14.162 GMT-0400,172.922,172.908,2,320
10.04.2018 09:33:14.406 GMT-0400,172.922,172.898,2,390
10.04.2018 09:33:14.588 GMT-0400,172.922,172.907,2,300
10.04.2018 09:33:14.745 GMT-0400,172.922,172.89700000000002,2,90
10.04.2018 09:33:14.796 GMT-0400,172.90200000000002,172.878,2,75
10.04.2018 09:33:14.896 GMT-0400,172.893,172.857,100,150
10.04.2018 09:33:15.816 GMT-0400,172.89200000000002,172.858,150,150
10.04.2018 09:33:16.151 GMT-0400,172.882,172.858,10,220
10.04.2018 09:33:16.201 GMT-0400,172.903,172.878,2,75
10.04.2018 09:33:16.252 GMT-0400,172.903,172.868,2,300
10.04.2018 09:33:16.508 GMT-0400,172.903,172.861,2,7499.9998
10.04.2018 09:33:16.558 GMT-0400,172.903,172.868,2,75
10.04.2018 09:33:16.905 GMT-0400,172.93200000000002,172.888,19,600
10.04.2018 09:33:17.120 GMT-0400,172.933,172.89700000000002,19,150
10.04.2018 09:33:17.170 GMT-0400,172.952,172.888,150,370
10.04.2018 09:33:17.397 GMT-0400,172.942,172.888,150,220
10.04.2018 09:33:17.917 GMT-0400,172.94299999999998,172.887,100,220
10.04.2018 09:33:18.249 GMT-0400,172.91299999999998,172.857,150,150
10.04.2018 09:33:19.207 GMT-0400,172.912,172.858,150,300
10.04.2018 09:33:19.591 GMT-0400,172.893,172.83700000000002,150,150
10.04.2018 09:33:19.810 GMT-0400,172.883,172.83700000000002,150,75
10.04.2018 09:33:20.896 GMT-0400,172.882,172.838,150,75
10.04.2018 09:33:21.222 GMT-0400,172.883,172.847,110,150
10.04.2018 09:33:21.983 GMT-0400,172.858,172.847,2,150
10.04.2018 09:33:22.034 GMT-0400,172.883,172.847,110,150
10.04.2018 09:33:22.697 GMT-0400,172.873,172.83700000000002,200,75
10.04.2018 09:33:23.001 GMT-0400,172.81799999999998,172.812,2,370
10.04.2018 09:33:23.118 GMT-0400,172.81799999999998,172.76700000000002,2,730
10.04.2018 09:33:23.265 GMT-0400,172.823,172.77700000000002,150,450
10.04.2018 09:33:24.005 GMT-0400,172.822,172.768,150,730
10.04.2018 09:33:24.336 GMT-0400,172.813,172.76700000000002,150,140
10.04.2018 09:33:24.639 GMT-0400,172.782,172.747,2,300
10.04.2018 09:33:25.190 GMT-0400,172.782,172.748,2,300
10.04.2018 09:33:25.341 GMT-0400,172.813,172.77700000000002,150,75
10.04.2018 09:33:25.410 GMT-0400,172.782,172.77700000000002,2,75
10.04.2018 09:33:25.589 GMT-0400,172.782,172.768,2,350
10.04.2018 09:33:25.640 GMT-0400,172.782,172.75099999999998,2,7499.9998
10.04.2018 09:33:25.740 GMT-0400,172.782,172.768,2,300
10.04.2018 09:33:25.979 GMT-0400,172.782,172.758,2,160
10.04.2018 09:33:26.381 GMT-0400,172.812,172.758,150,150
10.04.2018 09:33:27.844 GMT-0400,172.813,172.757,150,220
10.04.2018 09:33:27.894 GMT-0400,172.812,172.768,150,150
10.04.2018 09:33:28.207 GMT-0400,172.842,172.81799999999998,100,75
10.04.2018 09:33:28.257 GMT-0400,172.842,172.808,150,150
10.04.2018 09:33:28.308 GMT-0400,172.83200000000002,172.78900000000002,100,7499.9998
10.04.2018 09:33:28.408 GMT-0400,172.852,172.78900000000002,150,7499.9998
10.04.2018 09:33:28.594 GMT-0400,172.81799999999998,172.787,2,75
10.04.2018 09:33:29.129 GMT-0400,172.812,172.78799999999998,150,75
10.04.2018 09:33:29.215 GMT-0400,172.803,172.77700000000002,10,150
10.04.2018 09:33:29.318 GMT-0400,172.812,172.768,150,10300.0002
10.04.2018 09:33:29.520 GMT-0400,172.803,172.768,150,7499.9998
10.04.2018 09:33:30.304 GMT-0400,172.803,172.76700000000002,150,350
10.04.2018 09:33:30.662 GMT-0400,172.753,172.717,150,150
10.04.2018 09:33:30.713 GMT-0400,172.752,172.708,150,450
10.04.2018 09:33:30.838 GMT-0400,172.72400000000002,172.70700000000002,150,75
10.04.2018 09:33:30.889 GMT-0400,172.733,172.70700000000002,150,460
10.04.2018 09:33:30.994 GMT-0400,172.74,172.718,2,160
10.04.2018 09:33:31.044 GMT-0400,172.762,172.718,10300.0002,370
10.04.2018 09:33:31.210 GMT-0400,172.74200000000002,172.708,150,540
10.04.2018 09:33:31.459 GMT-0400,172.733,172.698,150,7499.9998
10.04.2018 09:33:31.635 GMT-0400,172.722,172.698,100,10099.9996
10.04.2018 09:33:31.928 GMT-0400,172.69299999999998,172.667,150,10300.0002
10.04.2018 09:33:32.267 GMT-0400,172.71,172.667,2,10499.9999
10.04.2018 09:33:32.546 GMT-0400,172.71,172.678,2,75
10.04.2018 09:33:32.597 GMT-0400,172.71,172.668,2,110
10.04.2018 09:33:32.732 GMT-0400,172.732,172.668,150,110
10.04.2018 09:33:32.885 GMT-0400,172.722,172.668,150,410
10.04.2018 09:33:33.718 GMT-0400,172.72299999999998,172.667,150,390
10.04.2018 09:33:34.407 GMT-0400,172.72299999999998,172.67700000000002,110,75
10.04.2018 09:33:34.784 GMT-0400,172.72299999999998,172.667,100,390
10.04.2018 09:33:34.885 GMT-0400,172.71200000000002,172.688,150,300
10.04.2018 09:33:35.454 GMT-0400,172.713,172.687,100,300
10.04.2018 09:33:35.505 GMT-0400,172.75,172.708,2,220
10.04.2018 09:33:36.293 GMT-0400,172.75,172.698,2,75
10.04.2018 09:33:36.610 GMT-0400,172.74200000000002,172.688,150,300
10.04.2018 09:33:36.660 GMT-0400,172.733,172.687,150,10400
10.04.2018 09:33:37.543 GMT-0400,172.732,172.688,150,300
10.04.2018 09:33:37.694 GMT-0400,172.703,172.657,150,75
10.04.2018 09:33:37.810 GMT-0400,172.71200000000002,172.657,2,75
10.04.2018 09:33:37.960 GMT-0400,172.71200000000002,172.667,2,150
10.04.2018 09:33:38.375 GMT-0400,172.68200000000002,172.658,110,75
10.04.2018 09:33:38.425 GMT-0400,172.683,172.64700000000002,150,10
10.04.2018 09:33:39.050 GMT-0400,172.68200000000002,172.648,100,85
10.04.2018 09:33:39.439 GMT-0400,172.673,172.64700000000002,2,84
10.04.2018 09:33:39.508 GMT-0400,172.64200000000002,172.608,10,220
10.04.2018 09:33:39.565 GMT-0400,172.662,172.608,150,220
10.04.2018 09:33:40.102 GMT-0400,172.66299999999998,172.607,100,10400
10.04.2018 09:33:40.250 GMT-0400,172.673,172.61700000000002,10099.9996,300
10.04.2018 09:33:40.552 GMT-0400,172.683,172.61700000000002,150,150
10.04.2018 09:33:40.602 GMT-0400,172.632,172.608,100,230
10.04.2018 09:33:40.838 GMT-0400,172.623,172.597,110,1180
10.04.2018 09:33:40.889 GMT-0400,172.633,172.61700000000002,100,73
10.04.2018 09:33:40.969 GMT-0400,172.64000000000001,172.61700000000002,2,300
10.04.2018 09:33:41.020 GMT-0400,172.65200000000002,172.62,2,7499.9998
10.04.2018 09:33:41.733 GMT-0400,172.64900000000003,172.608,2,300
10.04.2018 09:33:41.800 GMT-0400,172.633,172.58700000000002,150,9999.9998
10.04.2018 09:33:41.901 GMT-0400,172.632,172.59799999999998,10,920
10.04.2018 09:33:41.952 GMT-0400,172.603,172.58700000000002,2,220
10.04.2018 09:33:42.290 GMT-0400,172.603,172.59799999999998,2,75
10.04.2018 09:33:42.341 GMT-0400,172.633,172.58700000000002,150,10400
10.04.2018 09:33:42.807 GMT-0400,172.623,172.58700000000002,2,300
10.04.2018 09:33:43.065 GMT-0400,172.633,172.58700000000002,150,450
10.04.2018 09:33:43.130 GMT-0400,172.632,172.59799999999998,150,75
10.04.2018 09:33:43.180 GMT-0400,172.632,172.588,150,600
10.04.2018 09:33:43.754 GMT-0400,172.633,172.58700000000002,150,600
10.04.2018 09:33:43.886 GMT-0400,172.632,172.59799999999998,150,150
10.04.2018 09:33:44.390 GMT-0400,172.632,172.609,10,7499.9998
10.04.2018 09:33:44.997 GMT-0400,172.633,172.609,110,7499.9998
10.04.2018 09:33:45.359 GMT-0400,172.633,172.597,10,220
10.04.2018 09:33:45.520 GMT-0400,172.662,172.618,100,7499.9998
10.04.2018 09:33:45.681 GMT-0400,172.662,172.628,100,75
10.04.2018 09:33:46.108 GMT-0400,172.668,172.627,2,370
10.04.2018 09:33:46.864 GMT-0400,172.65900000000002,172.628,2,230
10.04.2018 09:33:47.180 GMT-0400,172.643,172.61700000000002,100,67
10.04.2018 09:33:47.295 GMT-0400,172.632,172.59799999999998,110,220
10.04.2018 09:33:47.346 GMT-0400,172.602,172.588,66,76
10.04.2018 09:33:47.887 GMT-0400,172.613,172.58700000000002,2,76
10.04.2018 09:33:48.202 GMT-0400,172.613,172.58,2,7499.9998
10.04.2018 09:33:48.766 GMT-0400,172.61200000000002,172.578,100,340
10.04.2018 09:33:49.553 GMT-0400,172.613,172.577,150,2
10.04.2018 09:33:49.928 GMT-0400,172.613,172.58700000000002,150,75
10.04.2018 09:33:50.135 GMT-0400,172.613,172.577,150,370
10.04.2018 09:33:50.290 GMT-0400,172.613,172.56799999999998,150,7499.9998
10.04.2018 09:33:50.340 GMT-0400,172.61200000000002,172.578,150,980
10.04.2018 09:33:50.625 GMT-0400,172.603,172.567,150,75
10.04.2018 09:33:50.676 GMT-0400,172.592,172.543,100,7499.9998
10.04.2018 09:33:51.304 GMT-0400,172.593,172.543,150,7499.9998
10.04.2018 09:33:51.355 GMT-0400,172.58200000000002,172.543,100,7499.9998
10.04.2018 09:33:51.639 GMT-0400,172.583,172.537,150,300
10.04.2018 09:33:53.023 GMT-0400,172.583,172.547,150,75
10.04.2018 09:33:53.484 GMT-0400,172.573,172.537,100,340
10.04.2018 09:33:53.785 GMT-0400,172.562,172.53799999999998,28,340
10.04.2018 09:33:54.605 GMT-0400,172.563,172.537,28,290
10.04.2018 09:33:55.005 GMT-0400,172.573,172.53799999999998,150,7499.9998
10.04.2018 09:33:55.298 GMT-0400,172.583,172.547,150,75
10.04.2018 09:33:55.444 GMT-0400,172.593,172.55700000000002,150,75
10.04.2018 09:33:55.890 GMT-0400,172.572,172.548,150,300
10.04.2018 09:33:56.096 GMT-0400,172.58200000000002,172.548,100,520
10.04.2018 09:33:56.402 GMT-0400,172.593,172.547,150,520
10.04.2018 09:33:56.521 GMT-0400,172.583,172.547,150,520
10.04.2018 09:33:56.847 GMT-0400,172.583,172.567,96,75
10.04.2018 09:33:57.026 GMT-0400,172.602,172.571,150,7499.9998
10.04.2018 09:33:57.076 GMT-0400,172.593,172.571,150,7499.9998
10.04.2018 09:33:57.600 GMT-0400,172.58200000000002,172.547,2,75
10.04.2018 09:33:57.651 GMT-0400,172.57,172.537,2,200
10.04.2018 09:33:58.156 GMT-0400,172.57,172.53799999999998,2,47
10.04.2018 09:33:58.207 GMT-0400,172.562,172.528,150,110
10.04.2018 09:33:58.796 GMT-0400,172.533,172.508,100,7499.9998
10.04.2018 09:33:58.847 GMT-0400,172.532,172.498,2,7499.9998
10.04.2018 09:33:58.937 GMT-0400,172.532,172.51700000000002,2,75
10.04.2018 09:33:59.037 GMT-0400,172.523,172.498,150,7499.9998
10.04.2018 09:33:59.172 GMT-0400,172.532,172.507,2,530
10.04.2018 09:33:59.472 GMT-0400,172.562,172.528,110,76
10.04.2018 09:33:59.522 GMT-0400,172.55200000000002,172.528,95,76
10.04.2018 09:33:59.904 GMT-0400,172.55200000000002,172.51700000000002,150,9999.9998
10.04.2018 09:33:59.954 GMT-0400,172.583,172.51700000000002,10200.0004,9999.9998
10.04.2018 09:34:00.005 GMT-0400,172.573,172.51700000000002,110,9999.9998
10.04.2018 09:34:00.389 GMT-0400,172.58200000000002,172.51700000000002,150,9999.9998
10.04.2018 09:34:00.629 GMT-0400,172.55900000000003,172.507,2,9999.9998
10.04.2018 09:34:01.206 GMT-0400,172.58200000000002,172.56,150,7499.9998
10.04.2018 09:34:01.408 GMT-0400,172.572,172.56,150,7499.9998
10.04.2018 09:34:01.459 GMT-0400,172.543,172.497,150,3470.0001
10.04.2018 09:34:01.510 GMT-0400,172.532,172.498,150,3470.0001
10.04.2018 09:34:01.610 GMT-0400,172.603,172.56,150,7499.9998
10.04.2018 09:34:01.879 GMT-0400,172.593,172.56,150,7499.9998
10.04.2018 09:34:01.980 GMT-0400,172.602,172.56799999999998,150,75
10.04.2018 09:34:02.196 GMT-0400,172.602,172.558,150,560
10.04.2018 09:34:02.702 GMT-0400,172.603,172.55700000000002,150,600
10.04.2018 09:34:03.399 GMT-0400,172.603,172.567,150,75
10.04.2018 09:34:03.450 GMT-0400,172.603,172.55700000000002,150,820
10.04.2018 09:34:03.738 GMT-0400,172.58,172.558,2,820
10.04.2018 09:34:03.897 GMT-0400,172.572,172.528,150,120
10.04.2018 09:34:04.186 GMT-0400,172.55200000000002,172.518,110,10300.0002
10.04.2018 09:34:04.254 GMT-0400,172.563,172.518,150,7499.9998
10.04.2018 09:34:04.304 GMT-0400,172.523,172.49099999999999,150,7499.9998
10.04.2018 09:34:04.681 GMT-0400,172.502,172.488,150,60
10.04.2018 09:34:05.058 GMT-0400,172.502,172.478,150,300
10.04.2018 09:34:05.438 GMT-0400,172.49200000000002,172.468,10,150
10.04.2018 09:34:05.816 GMT-0400,172.502,172.467,150,7499.9998
10.04.2018 09:34:05.868 GMT-0400,172.493,172.467,150,7499.9998
10.04.2018 09:34:06.076 GMT-0400,172.463,172.42700000000002,9999.9998,370
10.04.2018 09:34:06.607 GMT-0400,172.452,172.428,2,330
10.04.2018 09:34:06.754 GMT-0400,172.423,172.39700000000002,150,220
10.04.2018 09:34:07.374 GMT-0400,172.463,172.41,150,7499.9998
10.04.2018 09:34:07.425 GMT-0400,172.433,172.39700000000002,150,220
10.04.2018 09:34:07.933 GMT-0400,172.453,172.417,2,300
10.04.2018 09:34:08.251 GMT-0400,172.44299999999998,172.407,2,610
10.04.2018 09:34:08.718 GMT-0400,172.44299999999998,172.39700000000002,2,300
10.04.2018 09:34:08.783 GMT-0400,172.44299999999998,172.417,2,75
10.04.2018 09:34:08.965 GMT-0400,172.453,172.417,150,75
10.04.2018 09:34:09.613 GMT-0400,172.422,172.407,130,7499.9998
10.04.2018 09:34:09.663 GMT-0400,172.423,172.387,100,75
10.04.2018 09:34:09.793 GMT-0400,172.43200000000002,172.39700000000002,2,75
10.04.2018 09:34:09.844 GMT-0400,172.43200000000002,172.388,2,150
10.04.2018 09:34:10.298 GMT-0400,172.43200000000002,172.377,2,120
10.04.2018 09:34:10.348 GMT-0400,172.41299999999998,172.377,100,43
10.04.2018 09:34:10.618 GMT-0400,172.40200000000002,172.358,150,75
10.04.2018 09:34:11.152 GMT-0400,172.403,172.357,150,150
10.04.2018 09:34:11.203 GMT-0400,172.403,172.36700000000002,150,75
10.04.2018 09:34:11.300 GMT-0400,172.403,172.357,100,150
10.04.2018 09:34:11.592 GMT-0400,172.393,172.357,150,150
10.04.2018 09:34:11.952 GMT-0400,172.382,172.34799999999998,100,37
10.04.2018 09:34:12.114 GMT-0400,172.412,172.358,150,300
10.04.2018 09:34:12.164 GMT-0400,172.42700000000002,172.377,2,450
10.04.2018 09:34:12.529 GMT-0400,172.42700000000002,172.387,2,85
10.04.2018 09:34:13.086 GMT-0400,172.428,172.418,2,370
10.04.2018 09:34:13.137 GMT-0400,172.453,172.42700000000002,110,370
10.04.2018 09:34:13.277 GMT-0400,172.433,172.411,2,7499.9998
10.04.2018 09:34:13.327 GMT-0400,172.433,172.39200000000002,150,7499.9998
10.04.2018 09:34:14.280 GMT-0400,172.43200000000002,172.378,150,75
10.04.2018 09:34:14.461 GMT-0400,172.433,172.407,150,7499.9998
10.04.2018 09:34:14.788 GMT-0400,172.433,172.377,150,100
10.04.2018 09:34:15.097 GMT-0400,172.422,172.378,150,100
10.04.2018 09:34:15.148 GMT-0400,172.502,172.448,150,7499.9998
10.04.2018 09:34:15.615 GMT-0400,172.50900000000001,172.448,2,10200.0004
10.04.2018 09:34:16.297 GMT-0400,172.503,172.437,150,75
10.04.2018 09:34:16.348 GMT-0400,172.482,172.428,150,10700.0005
10.04.2018 09:34:16.714 GMT-0400,172.483,172.437,150,1
10.04.2018 09:34:17.489 GMT-0400,172.472,172.428,150,610
10.04.2018 09:34:18.477 GMT-0400,172.47299999999998,172.42700000000002,150,610
10.04.2018 09:34:18.655 GMT-0400,172.493,172.437,2,450
10.04.2018 09:34:18.705 GMT-0400,172.513,172.467,150,75
10.04.2018 09:34:19.089 GMT-0400,172.483,172.45700000000002,150,220
10.04.2018 09:34:20.017 GMT-0400,172.484,172.467,150,7499.9998
10.04.2018 09:34:20.140 GMT-0400,172.513,172.467,150,7499.9998
10.04.2018 09:34:20.863 GMT-0400,172.512,172.468,150,150
10.04.2018 09:34:21.142 GMT-0400,172.512,172.478,150,75
10.04.2018 09:34:21.583 GMT-0400,172.52200000000002,172.488,100,75
10.04.2018 09:34:21.882 GMT-0400,172.533,172.497,2,75
10.04.2018 09:34:22.567 GMT-0400,172.542,172.498,10400,150
10.04.2018 09:34:22.721 GMT-0400,172.52200000000002,172.498,100,300
10.04.2018 09:34:22.788 GMT-0400,172.542,172.497,2,300
10.04.2018 09:34:22.838 GMT-0400,172.542,172.507,2,75
10.04.2018 09:34:23.561 GMT-0400,172.543,172.507,150,520
10.04.2018 09:34:23.904 GMT-0400,172.543,172.519,150,7499.9998
10.04.2018 09:34:23.954 GMT-0400,172.543,172.507,150,520
10.04.2018 09:34:24.005 GMT-0400,172.533,172.507,150,520
10.04.2018 09:34:24.383 GMT-0400,172.583,172.547,10400,220
10.04.2018 09:34:24.908 GMT-0400,172.563,172.547,150,600
10.04.2018 09:34:25.458 GMT-0400,172.562,172.548,100,600
10.04.2018 09:34:26.199 GMT-0400,172.563,172.547,150,900
10.04.2018 09:34:27.049 GMT-0400,172.553,172.507,150,600
10.04.2018 09:34:27.683 GMT-0400,172.55200000000002,172.508,150,600
10.04.2018 09:34:28.014 GMT-0400,172.583,172.51700000000002,150,75
10.04.2018 09:34:28.880 GMT-0400,172.593,172.537,150,370
10.04.2018 09:34:29.402 GMT-0400,172.592,172.53799999999998,100,450
10.04.2018 09:34:29.978 GMT-0400,172.593,172.537,150,450
10.04.2018 09:34:30.797 GMT-0400,172.592,172.53799999999998,150,450
10.04.2018 09:34:31.747 GMT-0400,172.58200000000002,172.53799999999998,150,450
10.04.2018 09:34:32.173 GMT-0400,172.592,172.53799999999998,150,450
10.04.2018 09:34:32.349 GMT-0400,172.593,172.547,10200.0004,150
10.04.2018 09:34:32.963 GMT-0400,172.603,172.547,150,220
10.04.2018 09:34:33.607 GMT-0400,172.618,172.577,2,82
10.04.2018 09:34:33.959 GMT-0400,172.64200000000002,172.578,150,75
10.04.2018 09:34:34.202 GMT-0400,172.643,172.56799999999998,150,7499.9998
10.04.2018 09:34:34.342 GMT-0400,172.643,172.597,150,75
10.04.2018 09:34:34.712 GMT-0400,172.622,172.59799999999998,110,150
10.04.2018 09:34:34.884 GMT-0400,172.633,172.597,150,600
10.04.2018 09:34:35.017 GMT-0400,172.623,172.597,150,600
10.04.2018 09:34:35.993 GMT-0400,172.64200000000002,172.61700000000002,2,300
10.04.2018 09:34:36.051 GMT-0400,172.633,172.607,100,75
10.04.2018 09:34:36.178 GMT-0400,172.64200000000002,172.608,2,75
10.04.2018 09:34:36.231 GMT-0400,172.632,172.59799999999998,10,600
10.04.2018 09:34:36.282 GMT-0400,172.64200000000002,172.597,2,670
10.04.2018 09:34:36.433 GMT-0400,172.613,172.597,150,670
10.04.2018 09:34:36.483 GMT-0400,172.622,172.59799999999998,10,1160
10.04.2018 09:34:36.709 GMT-0400,172.622,172.608,10,150
10.04.2018 09:34:37.078 GMT-0400,172.653,172.627,100,750
10.04.2018 09:34:37.182 GMT-0400,172.66299999999998,172.64700000000002,2,75
10.04.2018 09:34:37.888 GMT-0400,172.66299999999998,172.648,2,820
10.04.2018 09:34:37.939 GMT-0400,172.701,172.658,2,75
10.04.2018 09:34:38.450 GMT-0400,172.701,172.657,2,150
10.04.2018 09:34:38.688 GMT-0400,172.692,172.658,2,75
10.04.2018 09:34:39.016 GMT-0400,172.672,172.648,100,820
10.04.2018 09:34:39.066 GMT-0400,172.683,172.64700000000002,100,820
10.04.2018 09:34:39.786 GMT-0400,172.692,172.648,150,820
10.04.2018 09:34:40.188 GMT-0400,172.653,172.639,100,7499.9998
10.04.2018 09:34:40.238 GMT-0400,172.673,172.627,7,370
10.04.2018 09:34:40.340 GMT-0400,172.66299999999998,172.622,150,7499.9998
10.04.2018 09:34:41.003 GMT-0400,172.662,172.622,150,7499.9998
10.04.2018 09:34:41.177 GMT-0400,172.64200000000002,172.59799999999998,100,1160
10.04.2018 09:34:41.457 GMT-0400,172.632,172.59799999999998,150,1090
10.04.2018 09:34:42.759 GMT-0400,172.633,172.597,150,1090
10.04.2018 09:34:43.074 GMT-0400,172.592,172.578,150,370
10.04.2018 09:34:43.553 GMT-0400,172.573,172.547,100,10099.9996
10.04.2018 09:34:43.852 GMT-0400,172.56,172.547,100,7499.9998
10.04.2018 09:34:43.903 GMT-0400,172.55200000000002,172.53799999999998,100,380
10.04.2018 09:34:44.000 GMT-0400,172.562,172.548,2,75
10.04.2018 09:34:44.051 GMT-0400,172.592,172.547,2,450
10.04.2018 09:34:44.270 GMT-0400,172.592,172.537,2,460
10.04.2018 09:34:44.999 GMT-0400,172.592,172.53799999999998,2,380
10.04.2018 09:34:45.051 GMT-0400,172.61200000000002,172.53799999999998,150,380
10.04.2018 09:34:45.355 GMT-0400,172.602,172.53799999999998,150,380
10.04.2018 09:34:45.701 GMT-0400,172.61200000000002,172.558,150,75
10.04.2018 09:34:46.193 GMT-0400,172.61200000000002,172.56799999999998,150,75
10.04.2018 09:34:46.576 GMT-0400,172.593,172.567,150,75
10.04.2018 09:34:47.128 GMT-0400,172.592,172.56799999999998,100,600
10.04.2018 09:34:47.179 GMT-0400,172.613,172.578,2,160
10.04.2018 09:34:47.496 GMT-0400,172.65200000000002,172.59799999999998,150,220
10.04.2018 09:34:47.560 GMT-0400,172.65900000000002,172.59799999999998,2,220
10.04.2018 09:34:47.610 GMT-0400,172.65900000000002,172.608,2,230
10.04.2018 09:34:48.215 GMT-0400,172.65900000000002,172.618,2,150
10.04.2018 09:34:48.595 GMT-0400,172.68200000000002,172.637,2,370
10.04.2018 09:34:49.559 GMT-0400,172.733,172.637,150,600
10.04.2018 09:34:49.684 GMT-0400,172.703,172.64700000000002,150,150
10.04.2018 09:34:50.500 GMT-0400,172.703,172.667,150,670
10.04.2018 09:34:51.507 GMT-0400,172.672,172.648,100,670
10.04.2018 09:34:52.437 GMT-0400,172.653,172.62099999999998,100,7499.9998
10.04.2018 09:34:52.598 GMT-0400,172.64200000000002,172.62099999999998,110,7499.9998
10.04.2018 09:34:52.895 GMT-0400,172.68200000000002,172.648,150,170
10.04.2018 09:34:53.117 GMT-0400,172.692,172.648,150,170
10.04.2018 09:34:53.848 GMT-0400,172.683,172.637,150,10700.0005
10.04.2018 09:34:53.898 GMT-0400,172.672,172.637,2,520
10.04.2018 09:34:54.618 GMT-0400,172.65200000000002,172.638,2,600
10.04.2018 09:34:54.668 GMT-0400,172.672,172.638,10499.9999,600
10.04.2018 09:34:54.826 GMT-0400,172.68200000000002,172.638,150,670
10.04.2018 09:34:54.876 GMT-0400,172.672,172.638,150,670
10.04.2018 09:34:55.469 GMT-0400,172.667,172.638,2,670
10.04.2018 09:34:55.524 GMT-0400,172.68099999999998,172.637,2,69
10.04.2018 09:34:55.574 GMT-0400,172.673,172.637,150,69
10.04.2018 09:34:55.898 GMT-0400,172.65200000000002,172.638,150,140
10.04.2018 09:34:56.311 GMT-0400,172.68099999999998,172.648,2,75
10.04.2018 09:34:56.362 GMT-0400,172.692,172.64200000000002,2,7499.9998
10.04.2018 09:34:56.476 GMT-0400,172.692,172.648,10499.9999,75
10.04.2018 09:34:57.185 GMT-0400,172.692,172.64700000000002,2,600
10.04.2018 09:34:57.351 GMT-0400,172.703,172.64700000000002,150,520
10.04.2018 09:34:57.635 GMT-0400,172.702,172.658,150,520
10.04.2018 09:34:57.959 GMT-0400,172.70900000000003,172.687,2,150
10.04.2018 09:34:58.678 GMT-0400,172.732,172.688,20,220
10.04.2018 09:34:58.914 GMT-0400,172.753,172.70700000000002,10400,150
10.04.2018 09:34:59.246 GMT-0400,172.752,172.698,150,670
10.04.2018 09:34:59.347 GMT-0400,172.743,172.717,150,75
10.04.2018 09:34:59.805 GMT-0400,172.752,172.728,120,82
10.04.2018 09:34:59.907 GMT-0400,172.77700000000002,172.747,2,150
10.04.2018 09:35:00.355 GMT-0400,172.74400000000003,172.728,1,7499.9998
10.04.2018 09:35:00.407 GMT-0400,172.762,172.738,3,82
10.04.2018 09:35:01.170 GMT-0400,172.739,172.732,4,7499.9998
10.04.2018 09:35:01.221 GMT-0400,172.74200000000002,172.718,100,450
10.04.2018 09:35:01.321 GMT-0400,172.753,172.717,10599.9997,370
10.04.2018 09:35:01.591 GMT-0400,172.733,172.699,150,7499.9998
10.04.2018 09:35:01.642 GMT-0400,172.732,172.678,150,550
10.04.2018 09:35:01.884 GMT-0400,172.722,172.67700000000002,2,75
10.04.2018 09:35:02.364 GMT-0400,172.69299999999998,172.657,100,300
10.04.2018 09:35:02.694 GMT-0400,172.68200000000002,172.668,100,150
10.04.2018 09:35:02.937 GMT-0400,172.672,172.65,150,7499.9998
10.04.2018 09:35:03.277 GMT-0400,172.643,172.627,150,75
10.04.2018 09:35:03.716 GMT-0400,172.643,172.618,100,7499.9998
10.04.2018 09:35:03.989 GMT-0400,172.662,172.628,2,310
10.04.2018 09:35:04.039 GMT-0400,172.672,172.638,100,600
10.04.2018 09:35:04.227 GMT-0400,172.71200000000002,172.657,2,520
10.04.2018 09:35:05.025 GMT-0400,172.702,172.65099999999998,150,7499.9998
10.04.2018 09:35:05.328 GMT-0400,172.653,172.618,150,7499.9998
10.04.2018 09:35:05.837 GMT-0400,172.653,172.61700000000002,150,75
10.04.2018 09:35:06.330 GMT-0400,172.662,172.618,150,75
10.04.2018 09:35:06.733 GMT-0400,172.662,172.628,150,74
10.04.2018 09:35:07.052 GMT-0400,172.65200000000002,172.628,150,74
10.04.2018 09:35:07.103 GMT-0400,172.653,172.61700000000002,110,370
10.04.2018 09:35:07.632 GMT-0400,172.643,172.61700000000002,110,370
10.04.2018 09:35:08.050 GMT-0400,172.643,172.627,150,150
10.04.2018 09:35:08.414 GMT-0400,172.64200000000002,172.61700000000002,2,220
10.04.2018 09:35:08.922 GMT-0400,172.64200000000002,172.618,2,370
10.04.2018 09:35:09.255 GMT-0400,172.672,172.618,42,370
10.04.2018 09:35:09.625 GMT-0400,172.662,172.618,150,300
10.04.2018 09:35:09.938 GMT-0400,172.653,172.627,140,160
10.04.2018 09:35:10.385 GMT-0400,172.62599999999998,172.609,98,7499.9998
10.04.2018 09:35:10.436 GMT-0400,172.632,172.607,2,220
10.04.2018 09:35:10.670 GMT-0400,172.632,172.597,2,580
10.04.2018 09:35:11.385 GMT-0400,172.632,172.59799999999998,2,360
10.04.2018 09:35:11.883 GMT-0400,172.643,172.597,150,280
10.04.2018 09:35:11.965 GMT-0400,172.633,172.597,150,360
10.04.2018 09:35:12.513 GMT-0400,172.613,172.59799999999998,2,360
10.04.2018 09:35:12.855 GMT-0400,172.58200000000002,172.56799999999998,110,450
10.04.2018 09:35:13.690 GMT-0400,172.583,172.567,100,300
10.04.2018 09:35:13.741 GMT-0400,172.602,172.578,2,820
10.04.2018 09:35:13.951 GMT-0400,172.633,172.597,150,75
10.04.2018 09:35:14.003 GMT-0400,172.643,172.597,150,75
10.04.2018 09:35:14.181 GMT-0400,172.64900000000003,172.597,2,75
10.04.2018 09:35:14.349 GMT-0400,172.64900000000003,172.607,2,150
10.04.2018 09:35:14.652 GMT-0400,172.597,172.558,2,1
10.04.2018 09:35:15.113 GMT-0400,172.597,172.56799999999998,2,150
10.04.2018 09:35:15.559 GMT-0400,172.603,172.567,150,120
10.04.2018 09:35:15.704 GMT-0400,172.592,172.56799999999998,10,120
10.04.2018 09:35:15.829 GMT-0400,172.602,172.56799999999998,150,120
10.04.2018 09:35:16.092 GMT-0400,172.59099999999998,172.567,2,120
10.04.2018 09:35:16.143 GMT-0400,172.583,172.547,10200.0004,150
10.04.2018 09:35:16.193 GMT-0400,172.573,172.547,150,150
10.04.2018 09:35:16.873 GMT-0400,172.573,172.537,150,19
10.04.2018 09:35:16.923 GMT-0400,172.562,172.53799999999998,150,19
10.04.2018 09:35:17.020 GMT-0400,172.572,172.53799999999998,150,19
10.04.2018 09:35:17.238 GMT-0400,172.562,172.53799999999998,100,19
10.04.2018 09:35:17.382 GMT-0400,172.573,172.547,150,7
10.04.2018 09:35:17.483 GMT-0400,172.572,172.53799999999998,150,240
10.04.2018 09:35:17.533 GMT-0400,172.572,172.548,120,670
10.04.2018 09:35:17.584 GMT-0400,172.573,172.537,120,240
10.04.2018 09:35:17.785 GMT-0400,172.563,172.53,150,7499.9998
10.04.2018 09:35:18.303 GMT-0400,172.562,172.53,150,7499.9998
10.04.2018 09:35:18.448 GMT-0400,172.563,172.507,150,1050
10.04.2018 09:35:18.624 GMT-0400,172.562,172.528,100,520
10.04.2018 09:35:18.674 GMT-0400,172.572,172.528,10300.0002,600
10.04.2018 09:35:19.260 GMT-0400,172.572,172.53799999999998,10300.0002,150
10.04.2018 09:35:19.525 GMT-0400,172.583,172.547,10300.0002,300
10.04.2018 09:35:19.875 GMT-0400,172.58200000000002,172.558,150,300
10.04.2018 09:35:20.205 GMT-0400,172.573,172.547,13,370
10.04.2018 09:35:20.255 GMT-0400,172.562,172.548,100,370
10.04.2018 09:35:20.691 GMT-0400,172.542,172.52,100,7499.9998
10.04.2018 09:35:21.023 GMT-0400,172.533,172.52,150,7499.9998
10.04.2018 09:35:21.073 GMT-0400,172.533,172.507,150,750
10.04.2018 09:35:21.124 GMT-0400,172.52200000000002,172.508,100,600
10.04.2018 09:35:21.175 GMT-0400,172.532,172.508,100,600
10.04.2018 09:35:21.712 GMT-0400,172.532,172.508,150,600
10.04.2018 09:35:22.189 GMT-0400,172.553,172.51700000000002,150,67
10.04.2018 09:35:22.315 GMT-0400,172.55200000000002,172.508,150,600
10.04.2018 09:35:22.365 GMT-0400,172.542,172.508,150,600
10.04.2018 09:35:22.972 GMT-0400,172.532,172.508,2,600
10.04.2018 09:35:23.367 GMT-0400,172.513,172.47299999999998,150,7499.9998
10.04.2018 09:35:23.936 GMT-0400,172.512,172.47299999999998,150,7499.9998
10.04.2018 09:35:24.259 GMT-0400,172.47299999999998,172.437,100,450
10.04.2018 09:35:24.531 GMT-0400,172.482,172.438,150,220
10.04.2018 09:35:24.620 GMT-0400,172.482,172.428,150,370
10.04.2018 09:35:24.717 GMT-0400,172.483,172.447,150,150
10.04.2018 09:35:25.021 GMT-0400,172.47299999999998,172.447,7,150
10.04.2018 09:35:25.433 GMT-0400,172.472,172.458,110,75
10.04.2018 09:35:25.483 GMT-0400,172.47299999999998,172.447,100,220
10.04.2018 09:35:25.832 GMT-0400,172.47299999999998,172.45700000000002,100,75
10.04.2018 09:35:25.883 GMT-0400,172.47299999999998,172.447,100,150
10.04.2018 09:35:25.933 GMT-0400,172.47299999999998,172.45700000000002,100,76
10.04.2018 09:35:26.002 GMT-0400,172.483,172.45700000000002,150,230
10.04.2018 09:35:26.532 GMT-0400,172.482,172.447,150,9999.9998
10.04.2018 09:35:26.582 GMT-0400,172.483,172.447,150,9999.9998
10.04.2018 09:35:26.893 GMT-0400,172.52200000000002,172.488,150,76
10.04.2018 09:35:27.071 GMT-0400,172.512,172.47,150,9999.9998
10.04.2018 09:35:27.298 GMT-0400,172.52200000000002,172.488,100,76
10.04.2018 09:35:27.880 GMT-0400,172.507,172.488,2,76
10.04.2018 09:35:28.959 GMT-0400,172.512,172.46,9999.9998,9999.9998
10.04.2018 09:35:29.150 GMT-0400,172.49200000000002,172.478,100,150
10.04.2018 09:35:29.200 GMT-0400,172.47299999999998,172.437,110,300
10.04.2018 09:35:29.350 GMT-0400,172.47299999999998,172.447,7,75
10.04.2018 09:35:29.577 GMT-0400,172.483,172.447,100,75
10.04.2018 09:35:29.628 GMT-0400,172.472,172.448,150,75
10.04.2018 09:35:30.163 GMT-0400,172.46200000000002,172.448,150,75
10.04.2018 09:35:30.499 GMT-0400,172.453,172.437,86,450
10.04.2018 09:35:31.020 GMT-0400,172.453,172.43200000000002,150,7499.9998
10.04.2018 09:35:31.442 GMT-0400,172.453,172.417,150,600
10.04.2018 09:35:31.493 GMT-0400,172.452,172.438,100,80
10.04.2018 09:35:32.010 GMT-0400,172.463,172.437,100,310
10.04.2018 09:35:32.060 GMT-0400,172.483,172.45700000000002,150,170
10.04.2018 09:35:32.236 GMT-0400,172.46200000000002,172.428,13,150
10.04.2018 09:35:32.360 GMT-0400,172.46200000000002,172.418,110,680
10.04.2018 09:35:32.778 GMT-0400,172.463,172.447,100,75
10.04.2018 09:35:32.940 GMT-0400,172.49200000000002,172.468,150,75
10.04.2018 09:35:33.320 GMT-0400,172.512,172.488,150,75
10.04.2018 09:35:33.550 GMT-0400,172.52700000000002,172.498,2,75
10.04.2018 09:35:34.045 GMT-0400,172.512,172.498,110,75
10.04.2018 09:35:34.095 GMT-0400,172.512,172.488,2,7
10.04.2018 09:35:34.146 GMT-0400,172.503,172.472,100,7499.9998
10.04.2018 09:35:34.875 GMT-0400,172.503,172.467,10700.0005,300
10.04.2018 09:35:35.402 GMT-0400,172.503,172.49,2,75
10.04.2018 09:35:35.453 GMT-0400,172.49200000000002,172.468,1,300
10.04.2018 09:35:35.607 GMT-0400,172.52200000000002,172.478,10499.9999,150
10.04.2018 09:35:35.657 GMT-0400,172.512,172.468,100,670
10.04.2018 09:35:36.153 GMT-0400,172.513,172.48700000000002,100,220
10.04.2018 09:35:36.682 GMT-0400,172.513,172.49,140,7499.9998
10.04.2018 09:35:36.783 GMT-0400,172.533,172.507,150,150
10.04.2018 09:35:36.883 GMT-0400,172.523,172.5,14,7499.9998
10.04.2018 09:35:36.934 GMT-0400,172.50900000000001,172.478,2,320
10.04.2018 09:35:37.405 GMT-0400,172.50900000000001,172.507,2,150
10.04.2018 09:35:37.455 GMT-0400,172.543,172.507,150,150
10.04.2018 09:35:37.505 GMT-0400,172.52200000000002,172.498,100,7499.9998
10.04.2018 09:35:37.697 GMT-0400,172.503,172.477,150,150
10.04.2018 09:35:37.879 GMT-0400,172.502,172.488,150,150
10.04.2018 09:35:38.065 GMT-0400,172.52200000000002,172.48700000000002,2,150
10.04.2018 09:35:38.198 GMT-0400,172.513,172.48700000000002,100,150
10.04.2018 09:35:38.294 GMT-0400,172.52200000000002,172.488,9999.9998,150
10.04.2018 09:35:38.773 GMT-0400,172.502,172.488,150,150
10.04.2018 09:35:39.289 GMT-0400,172.49200000000002,172.468,140,150
10.04.2018 09:35:39.695 GMT-0400,172.493,172.477,11,75
10.04.2018 09:35:39.746 GMT-0400,172.503,172.477,2,150
10.04.2018 09:35:39.909 GMT-0400,172.503,172.48700000000002,2,75
10.04.2018 09:35:39.959 GMT-0400,172.52,172.48700000000002,2,75
10.04.2018 09:35:40.181 GMT-0400,172.502,172.488,100,75
10.04.2018 09:35:40.298 GMT-0400,172.513,172.48700000000002,150,75
10.04.2018 09:35:40.387 GMT-0400,172.52,172.488,2,75
10.04.2018 09:35:40.621 GMT-0400,172.52,172.477,2,10200.0004
10.04.2018 09:35:40.752 GMT-0400,172.502,172.48700000000002,2,75
10.04.2018 09:35:41.123 GMT-0400,172.532,172.488,150,230
10.04.2018 09:35:41.407 GMT-0400,172.533,172.498,2,670
10.04.2018 09:35:41.457 GMT-0400,172.533,172.488,2,230
10.04.2018 09:35:41.781 GMT-0400,172.533,172.497,2,220
10.04.2018 09:35:42.120 GMT-0400,172.553,172.497,150,150
10.04.2018 09:35:42.849 GMT-0400,172.553,172.51700000000002,150,160
10.04.2018 09:35:42.900 GMT-0400,172.58200000000002,172.53799999999998,150,82
10.04.2018 09:35:42.950 GMT-0400,172.583,172.547,150,5
10.04.2018 09:35:43.483 GMT-0400,172.58700000000002,172.547,2,80
10.04.2018 09:35:43.759 GMT-0400,172.602,172.558,150,7499.9998
10.04.2018 09:35:43.809 GMT-0400,172.603,172.577,150,160
10.04.2018 09:35:44.354 GMT-0400,172.607,172.58700000000002,2,75
10.04.2018 09:35:44.761 GMT-0400,172.623,172.58700000000002,150,150
10.04.2018 09:35:44.999 GMT-0400,172.61200000000002,172.578,150,460
10.04.2018 09:35:45.500 GMT-0400,172.613,172.577,150,460
10.04.2018 09:35:45.877 GMT-0400,172.572,172.548,100,150
10.04.2018 09:35:46.197 GMT-0400,172.55200000000002,172.53,100,7499.9998
10.04.2018 09:35:46.247 GMT-0400,172.563,172.53,100,7499.9998
10.04.2018 09:35:46.433 GMT-0400,172.572,172.53,10499.9999,7499.9998
10.04.2018 09:35:46.533 GMT-0400,172.562,172.53,150,7499.9998
10.04.2018 09:35:46.882 GMT-0400,172.55200000000002,172.53,150,7499.9998
10.04.2018 09:35:47.206 GMT-0400,172.533,172.51700000000002,3,150
10.04.2018 09:35:47.434 GMT-0400,172.542,172.51700000000002,2,150
10.04.2018 09:35:47.792 GMT-0400,172.532,172.503,100,7499.9998
10.04.2018 09:35:47.898 GMT-0400,172.532,172.518,150,150
10.04.2018 09:35:48.101 GMT-0400,172.542,172.518,2,75
10.04.2018 09:35:48.202 GMT-0400,172.533,172.503,100,7499.9998
10.04.2018 09:35:48.252 GMT-0400,172.52200000000002,172.503,100,7499.9998
10.04.2018 09:35:48.303 GMT-0400,172.533,172.503,100,7499.9998
10.04.2018 09:35:48.654 GMT-0400,172.542,172.508,2,370
10.04.2018 09:35:48.787 GMT-0400,172.542,172.536,2,160
10.04.2018 09:35:48.838 GMT-0400,172.573,172.547,100,75
10.04.2018 09:35:48.925 GMT-0400,172.562,172.548,100,75
10.04.2018 09:35:49.049 GMT-0400,172.563,172.537,150,150
10.04.2018 09:35:49.203 GMT-0400,172.573,172.537,150,75
10.04.2018 09:35:49.381 GMT-0400,172.572,172.548,10,75
10.04.2018 09:35:49.608 GMT-0400,172.572,172.528,100,10300.0002
10.04.2018 09:35:49.659 GMT-0400,172.562,172.521,2,7499.9998
10.04.2018 09:35:49.984 GMT-0400,172.562,172.53799999999998,2,150
10.04.2018 09:35:50.034 GMT-0400,172.572,172.53900000000002,100,7499.9998
10.04.2018 09:35:50.267 GMT-0400,172.573,172.547,150,75
10.04.2018 09:35:50.808 GMT-0400,172.572,172.548,100,75
10.04.2018 09:35:50.958 GMT-0400,172.593,172.547,10599.9997,600
10.04.2018 09:35:51.009 GMT-0400,172.583,172.547,100,600
10.04.2018 09:35:51.327 GMT-0400,172.52200000000002,172.508,140,150
10.04.2018 09:35:51.559 GMT-0400,172.551,172.508,2,450
10.04.2018 09:35:51.710 GMT-0400,172.551,172.528,2,75
10.04.2018 09:35:52.302 GMT-0400,172.551,172.52700000000002,2,75
10.04.2018 09:35:52.352 GMT-0400,172.573,172.52700000000002,150,75
10.04.2018 09:35:52.520 GMT-0400,172.55200000000002,172.52700000000002,2,75
10.04.2018 09:35:52.877 GMT-0400,172.532,172.508,150,75
10.04.2018 09:35:52.928 GMT-0400,172.542,172.508,100,150
10.04.2018 09:35:53.327 GMT-0400,172.513,172.497,150,190
10.04.2018 09:35:53.519 GMT-0400,172.512,172.489,150,7499.9998
10.04.2018 09:35:53.570 GMT-0400,172.49200000000002,172.478,150,75
10.04.2018 09:35:54.189 GMT-0400,172.493,172.477,150,75
10.04.2018 09:35:54.636 GMT-0400,172.47299999999998,172.447,100,180
10.04.2018 09:35:55.099 GMT-0400,172.482,172.448,100,180
10.04.2018 09:35:55.154 GMT-0400,172.493,172.45700000000002,10200.0004,520
10.04.2018 09:35:55.255 GMT-0400,172.49200000000002,172.468,100,450
10.04.2018 09:35:56.176 GMT-0400,172.482,172.468,150,370
10.04.2018 09:35:56.413 GMT-0400,172.482,172.458,150,520
10.04.2018 09:35:56.465 GMT-0400,172.47299999999998,172.45700000000002,100,520
10.04.2018 09:35:56.806 GMT-0400,172.502,172.468,2,75
10.04.2018 09:35:57.552 GMT-0400,172.502,172.467,2,220
10.04.2018 09:35:57.607 GMT-0400,172.543,172.467,150,220
10.04.2018 09:35:57.674 GMT-0400,172.542,172.488,150,75
10.04.2018 09:35:57.922 GMT-0400,172.523,172.467,14,300
10.04.2018 09:35:58.441 GMT-0400,172.542,172.488,150,7
10.04.2018 09:35:58.491 GMT-0400,172.553,172.48700000000002,150,300
10.04.2018 09:35:58.542 GMT-0400,172.532,172.478,150,670
10.04.2018 09:35:58.859 GMT-0400,172.542,172.488,10999.9999,600
10.04.2018 09:35:59.186 GMT-0400,172.533,172.48700000000002,150,970
10.04.2018 09:35:59.610 GMT-0400,172.532,172.508,150,75
10.04.2018 09:35:59.768 GMT-0400,172.52200000000002,172.488,100,11099.9998
10.04.2018 09:35:59.818 GMT-0400,172.513,172.48700000000002,17,450
10.04.2018 09:36:00.147 GMT-0400,172.513,172.497,17,75
10.04.2018 09:36:00.399 GMT-0400,172.502,172.479,150,7499.9998
10.04.2018 09:36:00.450 GMT-0400,172.502,172.47099999999998,150,7499.9998
10.04.2018 09:36:00.550 GMT-0400,172.512,172.467,2,150
10.04.2018 09:36:00.687 GMT-0400,172.49200000000002,172.468,20,150
10.04.2018 09:36:01.068 GMT-0400,172.47299999999998,172.452,150,7499.9998
10.04.2018 09:36:01.370 GMT-0400,172.453,172.437,20,75
10.04.2018 09:36:01.636 GMT-0400,172.472,172.447,2,750
10.04.2018 09:36:01.738 GMT-0400,172.483,172.45700000000002,150,82
10.04.2018 09:36:01.995 GMT-0400,172.472,172.458,63,150
10.04.2018 09:36:02.296 GMT-0400,172.483,172.467,150,87
10.04.2018 09:36:02.522 GMT-0400,172.49900000000002,172.467,2,75
10.04.2018 09:36:02.631 GMT-0400,172.513,172.477,150,670
10.04.2018 09:36:02.681 GMT-0400,172.513,172.48700000000002,150,220
10.04.2018 09:36:02.732 GMT-0400,172.533,172.48700000000002,150,220
10.04.2018 09:36:02.795 GMT-0400,172.533,172.497,150,7499.9998
10.04.2018 09:36:03.136 GMT-0400,172.52200000000002,172.498,100,77
10.04.2018 09:36:03.489 GMT-0400,172.503,172.48700000000002,150,150
10.04.2018 09:36:03.590 GMT-0400,172.49200000000002,172.458,150,450
10.04.2018 09:36:03.647 GMT-0400,172.493,172.467,150,76
10.04.2018 09:36:04.182 GMT-0400,172.482,172.458,10,11300.0004
10.04.2018 09:36:04.233 GMT-0400,172.493,172.458,100,9999.9998
10.04.2018 09:36:04.384 GMT-0400,172.482,172.458,100,9999.9998
10.04.2018 09:36:04.635 GMT-0400,172.47299999999998,172.458,100,7499.9998
10.04.2018 09:36:04.775 GMT-0400,172.482,172.45700000000002,2,630
10.04.2018 09:36:05.412 GMT-0400,172.483,172.458,150,7499.9998
10.04.2018 09:36:05.525 GMT-0400,172.477,172.458,100,10800.0003
10.04.2018 09:36:05.625 GMT-0400,172.49200000000002,172.458,150,10200.0004
10.04.2018 09:36:05.684 GMT-0400,172.503,172.477,100,150
10.04.2018 09:36:05.734 GMT-0400,172.519,172.467,2,150
10.04.2018 09:36:06.036 GMT-0400,172.513,172.477,150,150
10.04.2018 09:36:06.249 GMT-0400,172.519,172.478,2,220
10.04.2018 09:36:06.525 GMT-0400,172.532,172.498,10200.0004,75
10.04.2018 09:36:06.835 GMT-0400,172.513,172.498,2,220
10.04.2018 09:36:06.886 GMT-0400,172.512,172.478,100,150
10.04.2018 09:36:07.016 GMT-0400,172.49200000000002,172.468,100,190
10.04.2018 09:36:07.117 GMT-0400,172.512,172.468,150,150
10.04.2018 09:36:07.299 GMT-0400,172.512,172.478,150,150
10.04.2018 09:36:07.569 GMT-0400,172.503,172.467,150,220
10.04.2018 09:36:07.886 GMT-0400,172.502,172.478,150,220
10.04.2018 09:36:08.531 GMT-0400,172.503,172.477,100,370
10.04.2018 09:36:09.277 GMT-0400,172.512,172.48700000000002,2,380
10.04.2018 09:36:09.331 GMT-0400,172.533,172.507,150,75
10.04.2018 09:36:09.435 GMT-0400,172.523,172.48700000000002,100,300
10.04.2018 09:36:09.486 GMT-0400,172.52200000000002,172.498,100,150
10.04.2018 09:36:09.833 GMT-0400,172.482,172.468,110,75
10.04.2018 09:36:10.190 GMT-0400,172.503,172.467,2,75
10.04.2018 09:36:10.754 GMT-0400,172.493,172.467,2,75
10.04.2018 09:36:11.408 GMT-0400,172.493,172.447,10499.9999,7499.9998
10.04.2018 09:36:11.766 GMT-0400,172.47299999999998,172.447,50,670
10.04.2018 09:36:11.933 GMT-0400,172.493,172.45700000000002,100,160
10.04.2018 09:36:12.371 GMT-0400,172.482,172.448,150,670
10.04.2018 09:36:12.681 GMT-0400,172.493,172.447,150,670
10.04.2018 09:36:12.732 GMT-0400,172.483,172.45700000000002,100,75
10.04.2018 09:36:12.803 GMT-0400,172.483,172.447,100,370
10.04.2018 09:36:12.854 GMT-0400,172.49200000000002,172.448,150,370
10.04.2018 09:36:12.955 GMT-0400,172.472,172.448,100,370
10.04.2018 09:36:13.331 GMT-0400,172.47299999999998,172.45700000000002,150,64
10.04.2018 09:36:13.509 GMT-0400,172.472,172.448,150,370
10.04.2018 09:36:14.130 GMT-0400,172.463,172.447,150,360
10.04.2018 09:36:14.281 GMT-0400,172.463,172.437,150,75
10.04.2018 09:36:14.553 GMT-0400,172.463,172.448,2,370
10.04.2018 09:36:14.667 GMT-0400,172.46200000000002,172.441,150,7499.9998
10.04.2018 09:36:14.718 GMT-0400,172.452,172.438,100,150
10.04.2018 09:36:15.007 GMT-0400,172.463,172.447,150,300
10.04.2018 09:36:15.108 GMT-0400,172.453,172.437,150,300
10.04.2018 09:36:15.236 GMT-0400,172.46200000000002,172.438,150,220
10.04.2018 09:36:15.718 GMT-0400,172.46200000000002,172.448,150,220
10.04.2018 09:36:15.999 GMT-0400,172.47299999999998,172.447,150,380
10.04.2018 09:36:16.393 GMT-0400,172.472,172.458,150,150
10.04.2018 09:36:16.689 GMT-0400,172.47299999999998,172.447,150,370
10.04.2018 09:36:16.748 GMT-0400,172.472,172.458,150,150
10.04.2018 09:36:17.075 GMT-0400,172.502,172.468,150,150
10.04.2018 09:36:17.610 GMT-0400,172.503,172.45700000000002,100,300
10.04.2018 09:36:17.714 GMT-0400,172.49200000000002,172.458,150,370
10.04.2018 09:36:18.104 GMT-0400,172.493,172.467,150,520
10.04.2018 09:36:18.633 GMT-0400,172.482,172.468,100,520
10.04.2018 09:36:18.820 GMT-0400,172.47299999999998,172.45700000000002,150,450
10.04.2018 09:36:19.848 GMT-0400,172.472,172.458,150,890
10.04.2018 09:36:20.245 GMT-0400,172.46200000000002,172.452,2,890
10.04.2018 09:36:20.302 GMT-0400,172.453,172.437,150,75
10.04.2018 09:36:20.852 GMT-0400,172.46200000000002,172.447,10200.0004,60
10.04.2018 09:36:22.702 GMT-0400,172.463,172.437,150,150
10.04.2018 09:36:23.206 GMT-0400,172.453,172.437,100,75
10.04.2018 09:36:24.273 GMT-0400,172.452,172.438,150,75
10.04.2018 09:36:24.495 GMT-0400,172.483,172.437,150,370
10.04.2018 09:36:24.551 GMT-0400,172.49200000000002,172.448,9999.9998,670
10.04.2018 09:36:24.859 GMT-0400,172.49200000000002,172.458,2,370
10.04.2018 09:36:24.909 GMT-0400,172.502,172.458,100,370
10.04.2018 09:36:25.115 GMT-0400,172.503,172.477,100,76
10.04.2018 09:36:25.285 GMT-0400,172.512,172.477,2,380
10.04.2018 09:36:25.336 GMT-0400,172.512,172.451,2,9999.9998
10.04.2018 09:36:25.586 GMT-0400,172.533,172.488,150,9999.9998
10.04.2018 09:36:25.791 GMT-0400,172.52700000000002,172.488,2,9999.9998
10.04.2018 09:36:26.096 GMT-0400,172.512,172.498,100,38
10.04.2018 09:36:26.274 GMT-0400,172.512,172.478,150,75
10.04.2018 09:36:26.961 GMT-0400,172.512,172.488,100,150
10.04.2018 09:36:27.347 GMT-0400,172.49200000000002,172.478,100,150
10.04.2018 09:36:27.398 GMT-0400,172.483,172.467,100,300
10.04.2018 09:36:28.075 GMT-0400,172.485,172.477,100,7499.9998
10.04.2018 09:36:28.567 GMT-0400,172.483,172.468,100,10400
10.04.2018 09:36:28.708 GMT-0400,172.512,172.48700000000002,2,75
10.04.2018 09:36:28.803 GMT-0400,172.512,172.478,10900.0001,370
10.04.2018 09:36:28.942 GMT-0400,172.512,172.498,150,7499.9998
10.04.2018 09:36:29.222 GMT-0400,172.512,172.478,150,370
10.04.2018 09:36:29.599 GMT-0400,172.532,172.507,2,150
10.04.2018 09:36:29.650 GMT-0400,172.523,172.497,150,150
10.04.2018 09:36:29.798 GMT-0400,172.532,172.498,10499.9999,150
10.04.2018 09:36:29.888 GMT-0400,172.523,172.497,100,150
10.04.2018 09:36:30.306 GMT-0400,172.533,172.528,100,7499.9998
10.04.2018 09:36:30.492 GMT-0400,172.553,172.532,14,7499.9998
10.04.2018 09:36:30.626 GMT-0400,172.55200000000002,172.53799999999998,14,75
10.04.2018 09:36:30.679 GMT-0400,172.592,172.53799999999998,150,10599.9997
10.04.2018 09:36:30.880 GMT-0400,172.592,172.55900000000003,150,7499.9998
10.04.2018 09:36:31.302 GMT-0400,172.602,172.56799999999998,150,190
10.04.2018 09:36:31.995 GMT-0400,172.61200000000002,172.56799999999998,9999.9998,410
10.04.2018 09:36:32.414 GMT-0400,172.61200000000002,172.58700000000002,2,150
10.04.2018 09:36:32.661 GMT-0400,172.643,172.597,150,150
10.04.2018 09:36:32.896 GMT-0400,172.65200000000002,172.59799999999998,150,220
10.04.2018 09:36:32.946 GMT-0400,172.65200000000002,172.608,150,150
10.04.2018 09:36:33.383 GMT-0400,172.643,172.607,150,10300.0002
10.04.2018 09:36:33.947 GMT-0400,172.64200000000002,172.608,150,310
10.04.2018 09:36:34.584 GMT-0400,172.643,172.607,150,220
10.04.2018 09:36:34.923 GMT-0400,172.64200000000002,172.618,150,370
10.04.2018 09:36:35.365 GMT-0400,172.683,172.64700000000002,150,220
10.04.2018 09:36:35.466 GMT-0400,172.653,172.627,150,150
10.04.2018 09:36:35.617 GMT-0400,172.662,172.628,2,220
10.04.2018 09:36:35.829 GMT-0400,172.662,172.637,2,220
10.04.2018 09:36:36.103 GMT-0400,172.673,172.637,150,300
10.04.2018 09:36:36.154 GMT-0400,172.68200000000002,172.648,2,300
10.04.2018 09:36:36.708 GMT-0400,172.68200000000002,172.658,2,300
10.04.2018 09:36:36.875 GMT-0400,172.673,172.637,150,150
10.04.2018 09:36:36.976 GMT-0400,172.68200000000002,172.637,2,220
10.04.2018 09:36:37.188 GMT-0400,172.673,172.637,150,220
10.04.2018 09:36:37.504 GMT-0400,172.673,172.64700000000002,150,75
10.04.2018 09:36:37.554 GMT-0400,172.662,172.618,150,220
10.04.2018 09:36:37.655 GMT-0400,172.673,172.627,150,750
10.04.2018 09:36:37.906 GMT-0400,172.672,172.638,150,220
10.04.2018 09:36:38.356 GMT-0400,172.662,172.618,150,10300.0002
10.04.2018 09:36:38.456 GMT-0400,172.673,172.618,150,7499.9998
10.04.2018 09:36:38.507 GMT-0400,172.662,172.618,150,10300.0002
10.04.2018 09:36:38.858 GMT-0400,172.653,172.627,150,75
10.04.2018 09:36:39.252 GMT-0400,172.672,172.638,150,150
10.04.2018 09:36:39.303 GMT-0400,172.672,172.648,150,150
10.04.2018 09:36:39.505 GMT-0400,172.672,172.638,150,520
10.04.2018 09:36:39.555 GMT-0400,172.672,172.648,150,230
10.04.2018 09:36:40.207 GMT-0400,172.662,172.638,110,75
10.04.2018 09:36:40.355 GMT-0400,172.673,172.618,150,7499.9998
10.04.2018 09:36:40.455 GMT-0400,172.672,172.628,150,160
10.04.2018 09:36:40.990 GMT-0400,172.673,172.64700000000002,150,370
10.04.2018 09:36:41.303 GMT-0400,172.68,172.657,2,75
10.04.2018 09:36:41.354 GMT-0400,172.692,172.657,2,230
10.04.2018 09:36:41.480 GMT-0400,172.692,172.64700000000002,2,450
10.04.2018 09:36:41.531 GMT-0400,172.692,172.658,2,77
10.04.2018 09:36:42.191 GMT-0400,172.692,172.657,2,2
10.04.2018 09:36:42.242 GMT-0400,172.692,172.648,150,450
10.04.2018 09:36:43.546 GMT-0400,172.69299999999998,172.657,150,300
10.04.2018 09:36:43.986 GMT-0400,172.66299999999998,172.64700000000002,2,370
10.04.2018 09:36:44.036 GMT-0400,172.673,172.64700000000002,400,370
10.04.2018 09:36:44.410 GMT-0400,172.66299999999998,172.64700000000002,2,300
10.04.2018 09:36:44.460 GMT-0400,172.672,172.648,400,300
10.04.2018 09:36:44.889 GMT-0400,172.661,172.64700000000002,2,300
10.04.2018 09:36:44.940 GMT-0400,172.623,172.607,100,7499.9998
10.04.2018 09:36:45.125 GMT-0400,172.64200000000002,172.607,10,7499.9998
10.04.2018 09:36:45.195 GMT-0400,172.673,172.627,150,450
10.04.2018 09:36:45.604 GMT-0400,172.673,172.637,150,220
10.04.2018 09:36:45.857 GMT-0400,172.692,172.648,100,750
10.04.2018 09:36:46.088 GMT-0400,172.702,172.648,150,380
10.04.2018 09:36:46.400 GMT-0400,172.71200000000002,172.667,2,150
10.04.2018 09:36:46.848 GMT-0400,172.69299999999998,172.64700000000002,150,79
10.04.2018 09:36:46.902 GMT-0400,172.673,172.64000000000001,100,7499.9998
10.04.2018 09:36:47.444 GMT-0400,172.628,172.607,2,460
10.04.2018 09:36:47.691 GMT-0400,172.66299999999998,172.618,150,7499.9998
10.04.2018 09:36:47.741 GMT-0400,172.683,172.64700000000002,100,76
10.04.2018 09:36:47.952 GMT-0400,172.69299999999998,172.64700000000002,10499.9999,76
10.04.2018 09:36:48.053 GMT-0400,172.692,172.658,150,75
10.04.2018 09:36:48.596 GMT-0400,172.703,172.657,150,300
10.04.2018 09:36:48.646 GMT-0400,172.702,172.678,1,76
10.04.2018 09:36:48.747 GMT-0400,172.72299999999998,172.667,2,9999.9998
10.04.2018 09:36:48.798 GMT-0400,172.722,172.678,10200.0004,7
10.04.2018 09:36:49.112 GMT-0400,172.702,172.662,150,7499.9998
10.04.2018 09:36:49.162 GMT-0400,172.722,172.662,2,7499.9998
10.04.2018 09:36:49.760 GMT-0400,172.722,172.667,2,150
10.04.2018 09:36:50.092 GMT-0400,172.71200000000002,172.688,150,75
10.04.2018 09:36:50.142 GMT-0400,172.703,172.667,100,220
10.04.2018 09:36:50.243 GMT-0400,172.71200000000002,172.668,150,150
10.04.2018 09:36:50.501 GMT-0400,172.702,172.668,150,150
10.04.2018 09:36:50.996 GMT-0400,172.713,172.67700000000002,50,160
10.04.2018 09:36:51.047 GMT-0400,172.74200000000002,172.688,10599.9997,970
10.04.2018 09:36:51.492 GMT-0400,172.74200000000002,172.698,2,75
10.04.2018 09:36:51.542 GMT-0400,172.74200000000002,172.688,10099.9996,680
10.04.2018 09:36:51.680 GMT-0400,172.74200000000002,172.708,10099.9996,82
10.04.2018 09:36:51.885 GMT-0400,172.763,172.727,10300.0002,75
10.04.2018 09:36:52.072 GMT-0400,172.752,172.728,150,75
10.04.2018 09:36:52.123 GMT-0400,172.773,172.747,72,7499.9998
10.04.2018 09:36:52.348 GMT-0400,172.783,172.747,150,10099.9996
10.04.2018 09:36:52.930 GMT-0400,172.8,172.758,2,160
10.04.2018 09:36:53.795 GMT-0400,172.80200000000002,172.758,7,150
10.04.2018 09:36:53.900 GMT-0400,172.803,172.76700000000002,150,75
10.04.2018 09:36:54.044 GMT-0400,172.793,172.747,150,450
10.04.2018 09:36:54.095 GMT-0400,172.793,172.757,150,75
10.04.2018 09:36:54.647 GMT-0400,172.792,172.748,50,670
10.04.2018 09:36:54.782 GMT-0400,172.773,172.747,150,450
10.04.2018 09:36:54.832 GMT-0400,172.792,172.757,110,7499.9998
10.04.2018 09:36:54.984 GMT-0400,172.803,172.757,7,10900.0001
10.04.2018 09:36:55.337 GMT-0400,172.793,172.757,150,7499.9998
10.04.2018 09:36:56.048 GMT-0400,172.79,172.757,2,74
10.04.2018 09:36:56.608 GMT-0400,172.79,172.76700000000002,2,75
10.04.2018 09:36:56.659 GMT-0400,172.80200000000002,172.768,7,150
10.04.2018 09:36:56.760 GMT-0400,172.822,172.778,2,450
10.04.2018 09:36:56.879 GMT-0400,172.83200000000002,172.791,150,7499.9998
10.04.2018 09:36:57.399 GMT-0400,172.842,172.791,2,7499.9998
10.04.2018 09:36:57.658 GMT-0400,172.842,172.80700000000002,2,670
10.04.2018 09:36:57.760 GMT-0400,172.842,172.791,2,7499.9998
10.04.2018 09:36:57.810 GMT-0400,172.842,172.798,10800.0003,75
10.04.2018 09:36:58.136 GMT-0400,172.833,172.787,100,220
10.04.2018 09:36:58.287 GMT-0400,172.842,172.78799999999998,150,220
10.04.2018 09:36:58.360 GMT-0400,172.83200000000002,172.78799999999998,150,220
10.04.2018 09:36:58.920 GMT-0400,172.823,172.787,2,220
10.04.2018 09:36:58.971 GMT-0400,172.823,172.771,10499.9999,7499.9998
10.04.2018 09:36:59.021 GMT-0400,172.813,172.771,150,7499.9998
10.04.2018 09:36:59.382 GMT-0400,172.78099999999998,172.771,150,7499.9998
10.04.2018 09:36:59.433 GMT-0400,172.77200000000002,172.758,150,150
10.04.2018 09:36:59.742 GMT-0400,172.803,172.757,150,220
10.04.2018 09:36:59.908 GMT-0400,172.813,172.76700000000002,10200.0004,150
10.04.2018 09:37:00.247 GMT-0400,172.803,172.76700000000002,150,75
10.04.2018 09:37:00.589 GMT-0400,172.801,172.77700000000002,2,75
10.04.2018 09:37:00.997 GMT-0400,172.793,172.76700000000002,150,75
10.04.2018 09:37:01.099 GMT-0400,172.792,172.758,100,370
10.04.2018 09:37:01.392 GMT-0400,172.783,172.757,110,7499.9998
10.04.2018 09:37:01.614 GMT-0400,172.792,172.758,100,600
10.04.2018 09:37:01.879 GMT-0400,172.792,172.76700000000002,100,7499.9998
10.04.2018 09:37:01.930 GMT-0400,172.79,172.747,2,520
10.04.2018 09:37:01.985 GMT-0400,172.79,172.758,2,300
10.04.2018 09:37:02.358 GMT-0400,172.79,172.76700000000002,2,150
10.04.2018 09:37:02.851 GMT-0400,172.792,172.775,2,670
10.04.2018 09:37:02.909 GMT-0400,172.773,172.747,150,150
10.04.2018 09:37:02.960 GMT-0400,172.75400000000002,172.74099999999999,150,7499.9998
10.04.2018 09:37:03.097 GMT-0400,172.752,172.728,150,150
10.04.2018 09:37:03.148 GMT-0400,172.771,172.73700000000002,2,150
10.04.2018 09:37:03.248 GMT-0400,172.771,172.747,2,75
10.04.2018 09:37:03.391 GMT-0400,172.771,172.738,2,150
10.04.2018 09:37:03.492 GMT-0400,172.771,172.748,2,450
10.04.2018 09:37:03.542 GMT-0400,172.771,172.738,2,300
10.04.2018 09:37:03.769 GMT-0400,172.771,172.728,2,150
10.04.2018 09:37:04.089 GMT-0400,172.782,172.728,150,150
10.04.2018 09:37:04.595 GMT-0400,172.783,172.708,150,9999.9998
10.04.2018 09:37:04.855 GMT-0400,172.763,172.708,150,7499.9998
10.04.2018 09:37:04.956 GMT-0400,172.762,172.718,150,300
10.04.2018 09:37:05.467 GMT-0400,172.732,172.718,100,150
10.04.2018 09:37:05.517 GMT-0400,172.743,172.717,2,160
10.04.2018 09:37:05.905 GMT-0400,172.733,172.70700000000002,10,75
10.04.2018 09:37:06.057 GMT-0400,172.74200000000002,172.708,150,75
10.04.2018 09:37:06.395 GMT-0400,172.732,172.698,150,180
10.04.2018 09:37:06.919 GMT-0400,172.743,172.70700000000002,150,75
10.04.2018 09:37:07.421 GMT-0400,172.74200000000002,172.708,150,75
10.04.2018 09:37:07.969 GMT-0400,172.732,172.708,150,150
10.04.2018 09:37:08.540 GMT-0400,172.74,172.708,2,150
10.04.2018 09:37:09.102 GMT-0400,172.74200000000002,172.708,150,150
10.04.2018 09:37:09.573 GMT-0400,172.722,172.708,100,300
10.04.2018 09:37:09.624 GMT-0400,172.722,172.697,2,180
10.04.2018 09:37:09.966 GMT-0400,172.722,172.67900000000003,10400,7499.9998
10.04.2018 09:37:10.029 GMT-0400,172.71200000000002,172.67900000000003,150,7499.9998
10.04.2018 09:37:10.357 GMT-0400,172.703,172.67900000000003,150,7499.9998
10.04.2018 09:37:10.694 GMT-0400,172.71200000000002,172.678,150,150
10.04.2018 09:37:10.879 GMT-0400,172.722,172.678,150,150
10.04.2018 09:37:10.929 GMT-0400,172.74099999999999,172.697,2,160
10.04.2018 09:37:11.264 GMT-0400,172.722,172.698,150,80
10.04.2018 09:37:11.877 GMT-0400,172.72299999999998,172.697,100,80
10.04.2018 09:37:11.977 GMT-0400,172.743,172.70700000000002,10800.0003,75
10.04.2018 09:37:12.078 GMT-0400,172.722,172.708,150,150
10.04.2018 09:37:12.316 GMT-0400,172.72299999999998,172.697,150,160
10.04.2018 09:37:12.500 GMT-0400,172.71200000000002,172.697,2,160
10.04.2018 09:37:12.686 GMT-0400,172.71200000000002,172.667,2,970
10.04.2018 09:37:12.956 GMT-0400,172.71200000000002,172.67700000000002,2,520
10.04.2018 09:37:13.345 GMT-0400,172.71200000000002,172.667,2,890
10.04.2018 09:37:13.395 GMT-0400,172.71200000000002,172.67700000000002,2,150
10.04.2018 09:37:14.032 GMT-0400,172.71200000000002,172.678,150,150
10.04.2018 09:37:14.380 GMT-0400,172.72299999999998,172.697,150,150
10.04.2018 09:37:14.722 GMT-0400,172.74200000000002,172.708,150,10300.0002
10.04.2018 09:37:14.780 GMT-0400,172.753,172.708,150,7499.9998
10.04.2018 09:37:14.884 GMT-0400,172.752,172.718,150,75
10.04.2018 09:37:15.417 GMT-0400,172.752,172.728,150,75
10.04.2018 09:37:15.807 GMT-0400,172.762,172.728,150,80
10.04.2018 09:37:16.013 GMT-0400,172.77,172.727,2,160
10.04.2018 09:37:16.681 GMT-0400,172.77200000000002,172.728,150,160
10.04.2018 09:37:17.732 GMT-0400,172.773,172.73700000000002,150,150
10.04.2018 09:37:18.033 GMT-0400,172.762,172.718,150,10400
10.04.2018 09:37:18.572 GMT-0400,172.76700000000002,172.728,2,520
10.04.2018 09:37:18.708 GMT-0400,172.76700000000002,172.718,2,10499.9999
10.04.2018 09:37:19.077 GMT-0400,172.753,172.717,150,300
10.04.2018 09:37:19.522 GMT-0400,172.762,172.718,150,300
10.04.2018 09:37:19.601 GMT-0400,172.752,172.718,100,300
10.04.2018 09:37:20.033 GMT-0400,172.753,172.727,100,150
10.04.2018 09:37:21.002 GMT-0400,172.752,172.728,100,150
10.04.2018 09:37:21.411 GMT-0400,172.743,172.717,150,220
10.04.2018 09:37:21.623 GMT-0400,172.733,172.717,100,220
10.04.2018 09:37:21.811 GMT-0400,172.753,172.717,10499.9999,220
10.04.2018 09:37:21.950 GMT-0400,172.752,172.728,150,75
10.04.2018 09:37:22.128 GMT-0400,172.743,172.717,10,220
10.04.2018 09:37:22.179 GMT-0400,172.752,172.718,150,220
10.04.2018 09:37:22.485 GMT-0400,172.753,172.727,150,75
10.04.2018 09:37:22.567 GMT-0400,172.753,172.717,150,220
10.04.2018 09:37:22.617 GMT-0400,172.732,172.718,100,220
10.04.2018 09:37:22.931 GMT-0400,172.732,172.698,150,220
10.04.2018 09:37:23.156 GMT-0400,172.74099999999999,172.697,2,220
10.04.2018 09:37:23.206 GMT-0400,172.733,172.697,150,220
10.04.2018 09:37:23.805 GMT-0400,172.732,172.698,150,220
10.04.2018 09:37:23.929 GMT-0400,172.752,172.708,100,370
10.04.2018 09:37:24.187 GMT-0400,172.752,172.718,100,150
10.04.2018 09:37:24.745 GMT-0400,172.752,172.738,110,7499.9998
10.04.2018 09:37:24.802 GMT-0400,172.77200000000002,172.738,150,10099.9996
10.04.2018 09:37:25.060 GMT-0400,172.782,172.748,150,150
10.04.2018 09:37:25.378 GMT-0400,172.752,172.728,26,150
10.04.2018 09:37:26.098 GMT-0400,172.763,172.727,10400,220
10.04.2018 09:37:26.333 GMT-0400,172.773,172.727,150,220
10.04.2018 09:37:26.692 GMT-0400,172.763,172.727,150,220
10.04.2018 09:37:27.319 GMT-0400,172.77200000000002,172.728,150,450
10.04.2018 09:37:27.420 GMT-0400,172.752,172.738,100,150
10.04.2018 09:37:27.960 GMT-0400,172.752,172.728,150,450
10.04.2018 09:37:28.098 GMT-0400,172.74200000000002,172.728,39,450
10.04.2018 09:37:28.278 GMT-0400,172.743,172.72099999999998,150,7499.9998
10.04.2018 09:37:28.331 GMT-0400,172.733,172.70700000000002,39,150
10.04.2018 09:37:28.418 GMT-0400,172.739,172.718,2,380
10.04.2018 09:37:28.741 GMT-0400,172.753,172.73700000000002,100,150
10.04.2018 09:37:29.078 GMT-0400,172.743,172.718,100,7499.9998
10.04.2018 09:37:29.131 GMT-0400,172.752,172.718,100,7499.9998
10.04.2018 09:37:29.241 GMT-0400,172.743,172.718,150,7499.9998
10.04.2018 09:37:29.342 GMT-0400,172.74200000000002,172.708,150,150
10.04.2018 09:37:29.494 GMT-0400,172.732,172.708,2,75
10.04.2018 09:37:29.868 GMT-0400,172.72299999999998,172.70700000000002,100,75
10.04.2018 09:37:30.069 GMT-0400,172.762,172.728,150,75
10.04.2018 09:37:30.320 GMT-0400,172.77200000000002,172.728,150,150
10.04.2018 09:37:30.370 GMT-0400,172.773,172.73700000000002,150,75
10.04.2018 09:37:30.590 GMT-0400,172.78,172.738,2,75
10.04.2018 09:37:30.640 GMT-0400,172.773,172.73700000000002,150,75
10.04.2018 09:37:31.092 GMT-0400,172.77200000000002,172.758,100,150
10.04.2018 09:37:31.701 GMT-0400,172.773,172.757,100,75
10.04.2018 09:37:31.821 GMT-0400,172.792,172.757,2,160
10.04.2018 09:37:31.922 GMT-0400,172.793,172.76700000000002,100,370
10.04.2018 09:37:32.265 GMT-0400,172.793,172.77700000000002,100,75
10.04.2018 09:37:32.368 GMT-0400,172.80200000000002,172.778,10999.9999,150
10.04.2018 09:37:32.547 GMT-0400,172.81900000000002,172.78799999999998,2,82
10.04.2018 09:37:32.598 GMT-0400,172.81900000000002,172.778,2,520
10.04.2018 09:37:32.680 GMT-0400,172.81900000000002,172.797,2,150
10.04.2018 09:37:32.731 GMT-0400,172.833,172.797,150,220
10.04.2018 09:37:32.894 GMT-0400,172.822,172.798,2,220
10.04.2018 09:37:33.246 GMT-0400,172.812,172.798,100,220
10.04.2018 09:37:33.296 GMT-0400,172.798,172.778,2,75
10.04.2018 09:37:33.527 GMT-0400,172.792,172.778,100,150
10.04.2018 09:37:33.676 GMT-0400,172.813,172.77700000000002,11099.9998,150
10.04.2018 09:37:33.777 GMT-0400,172.793,172.77700000000002,100,150
10.04.2018 09:37:34.165 GMT-0400,172.813,172.77700000000002,11099.9998,150
10.04.2018 09:37:34.344 GMT-0400,172.822,172.78799999999998,150,75
10.04.2018 09:37:34.501 GMT-0400,172.823,172.77700000000002,150,10599.9997
10.04.2018 09:37:34.551 GMT-0400,172.823,172.787,150,150
10.04.2018 09:37:34.891 GMT-0400,172.822,172.798,150,75
10.04.2018 09:37:35.050 GMT-0400,172.83,172.798,2,75
10.04.2018 09:37:35.563 GMT-0400,172.822,172.798,2,75
10.04.2018 09:37:36.234 GMT-0400,172.822,172.78799999999998,10900.0001,300
10.04.2018 09:37:36.337 GMT-0400,172.823,172.797,150,7499.9998
10.04.2018 09:37:36.739 GMT-0400,172.843,172.80700000000002,150,150
10.04.2018 09:37:36.790 GMT-0400,172.822,172.808,150,150
10.04.2018 09:37:36.995 GMT-0400,172.85,172.80700000000002,2,150
10.04.2018 09:37:37.096 GMT-0400,172.85,172.817,2,75
10.04.2018 09:37:37.146 GMT-0400,172.842,172.808,150,150
10.04.2018 09:37:37.385 GMT-0400,172.853,172.81799999999998,2,75
10.04.2018 09:37:37.587 GMT-0400,172.86200000000002,172.83,150,7499.9998
10.04.2018 09:37:37.701 GMT-0400,172.872,172.83,150,7499.9998
10.04.2018 09:37:37.895 GMT-0400,172.873,172.847,100,520
10.04.2018 09:37:37.997 GMT-0400,172.853,172.817,150,75
10.04.2018 09:37:38.230 GMT-0400,172.843,172.80700000000002,150,150
10.04.2018 09:37:38.549 GMT-0400,172.82500000000002,172.808,150,150
10.04.2018 09:37:39.021 GMT-0400,172.831,172.80700000000002,2,530
10.04.2018 09:37:39.264 GMT-0400,172.843,172.817,100,150
10.04.2018 09:37:39.359 GMT-0400,172.852,172.81799999999998,90,150
10.04.2018 09:37:39.409 GMT-0400,172.852,172.828,90,150
10.04.2018 09:37:39.510 GMT-0400,172.872,172.838,150,7
10.04.2018 09:37:39.560 GMT-0400,172.86200000000002,172.828,150,370
10.04.2018 09:37:39.729 GMT-0400,172.873,172.83700000000002,150,150
10.04.2018 09:37:39.932 GMT-0400,172.86200000000002,172.828,150,150
10.04.2018 09:37:40.876 GMT-0400,172.86200000000002,172.838,150,150
10.04.2018 09:37:41.439 GMT-0400,172.863,172.83700000000002,100,150
10.04.2018 09:37:41.508 GMT-0400,172.872,172.838,150,150
10.04.2018 09:37:41.609 GMT-0400,172.863,172.83700000000002,2,150
10.04.2018 09:37:42.013 GMT-0400,172.882,172.847,2,7
10.04.2018 09:37:42.219 GMT-0400,172.872,172.838,150,150
10.04.2018 09:37:42.765 GMT-0400,172.863,172.83700000000002,150,150
10.04.2018 09:37:42.815 GMT-0400,172.87099999999998,172.838,2,150
10.04.2018 09:37:43.286 GMT-0400,172.852,172.838,100,150
10.04.2018 09:37:43.717 GMT-0400,172.843,172.827,1,450
10.04.2018 09:37:43.789 GMT-0400,172.86200000000002,172.828,150,450
10.04.2018 09:37:44.294 GMT-0400,172.863,172.827,150,450
10.04.2018 09:37:45.089 GMT-0400,172.852,172.828,100,370
10.04.2018 09:37:45.571 GMT-0400,172.853,172.83700000000002,100,150
10.04.2018 09:37:45.621 GMT-0400,172.872,172.838,150,150
10.04.2018 09:37:46.297 GMT-0400,172.873,172.83700000000002,150,370
10.04.2018 09:37:46.441 GMT-0400,172.882,172.84799999999998,150,670
10.04.2018 09:37:46.880 GMT-0400,172.882,172.86700000000002,150,7499.9998
10.04.2018 09:37:47.012 GMT-0400,172.893,172.877,150,220
10.04.2018 09:37:49.079 GMT-0400,172.89700000000002,172.877,2,3
10.04.2018 09:37:49.336 GMT-0400,172.903,172.877,140,10099.9996
10.04.2018 09:37:50.005 GMT-0400,172.90200000000002,172.878,150,380
10.04.2018 09:37:50.655 GMT-0400,172.893,172.877,100,380
10.04.2018 09:37:50.756 GMT-0400,172.90200000000002,172.878,150,380
10.04.2018 09:37:51.314 GMT-0400,172.903,172.877,140,530
10.04.2018 09:37:51.658 GMT-0400,172.903,172.887,110,75
10.04.2018 09:37:51.990 GMT-0400,172.893,172.877,2,530
10.04.2018 09:37:52.040 GMT-0400,172.883,172.858,2,110
10.04.2018 09:37:52.242 GMT-0400,172.873,172.857,12,90
10.04.2018 09:37:52.292 GMT-0400,172.86200000000002,172.838,12,390
10.04.2018 09:37:52.605 GMT-0400,172.86200000000002,172.84799999999998,12,75
10.04.2018 09:37:52.768 GMT-0400,172.873,172.847,10099.9996,75
